2782 4250
593 201 633 212 ..
671 169 744 233 120.
764 201 804 210 -

538 346 713 445 Caput
739 349 858 424 ΧΧ.

201 491 368 579 Quomodo
391 492 521 559 musica
545 509 588 558 ex
608 492 806 559 malleorum
830 494 946 560 sonitu
970 493 1019 560 sit
1040 493 1190 559 inventa.

660 634 756 641 -..

243 736 290 801 De
312 737 432 818 origine
453 741 551 802 antem
573 737 701 803 musicae
735 740 824 817 artie,
857 741 930 821 quia
961 741 1069 806 rudem
1092 741 1244 805 lectorem

161 882 304 961 vidimus,
326 883 490 964 inprimis
514 883 675 963 tacuimus,
704 903 797 965 quam
820 889 881 953 iam
915 889 1099 964 exercitato,
1130 886 1243 966 plagis·

162 1029 223 1092 que
246 1012 358 1076 scienti
371 1013 393 1093 1)
417 1013 595 1077 tribuimus.
642 1011 745 1078 Erant
765 1014 943 1094 antiquitus
965 1015 1173 1078 instrumente
1197 1013 1245 1076 in-

134 1181 137 1187 ·
162 1150 256 1222 certa,
277 1145 301 1212 b
323 1143 503 1208 canentium
529 1142 707 1223 multitudo,
731 1143 786 1208 sed
809 1160 920 1206 caeca:
957 1141 1061 1206 nullus
1085 1141 1166 1205 enim
1189 1119 1255 1204 hof

162 1279 282 1344 minum
303 1297 414 1346 vocum
437 1277 628 1346 differentias
650 1281 674 1348 b
696 1279 898 1362 symphoniae
921 1277 1140 1342 discretionem
1163 1281 1247 1352 poto·

162 1415 213 1474 rat
233 1410 338 1492 eliqua
359 1393 630 1492 argumentatione
653 1413 816 1493 colligere3
847 1427 948 1491 neque
976 1414 1084 1489 posset
1107 1424 1245 1487 unquam

163 1546 281 1606 certum
304 1543 424 1623 aliquid
447 1525 656 1625 debacante
679 1551 874 1625 cognoscere,
896 1541 1097 1605 nisitandem
1121 1539 1245 1604 bonitas

164 1678 278 1761 divina,
303 1681 384 1761 quod
408 1683 560 1761 seqnitnn
584 1699 640 1746 suo
662 1686 741 1746 nutu
764 1681 952 1762 disponeret.

248 1861 329 1926 Cum
352 1860 687 1943 Pythagoraequidam
711 1879 843 1943 magnus
855 1859 1061 1941 philosophus
1082 1858 1163 1954 forte
1185 1857 1248 1922 iter

165 2002 284 2078 ageret,
307 2002 433 2063 verutum
456 2004 504 2064 est
527 2001 566 2063 ad
588 2000 749 2081 fabricam,
779 2003 810 2064 in
831 2013 895 2080 qua
917 2019 1012 2082 super
1046 1993 1140 2066 ornam
1162 2001 1247 2064 incu-

166 2127 235 2192 dem
260 2127 396 2209 quinque
419 2128 523 2194 mallei
544 2128 714 2194 feriebant:
744 2147 875 2210 quorum
898 2147 1025 2194 suavem
1049 2097 1246 2200 concordiam

165 2227 296 2325 miratus
319 2260 524 2341 philosophus
546 2261 687 2342 accessit,
710 2260 907 2341 primumque
930 2261 961 2324 in
975 2279 1122 2326 manuum
1145 2264 1247 2326 varie·

167 2398 233 2458 tate
263 2411 393 2474 sperans
422 2394 484 2458 vim
518 2393 584 2458 soni
617 2412 653 2458 ac
682 2393 904 2458 modulationis
938 2394 1079 2470 existere,
1115 2394 1250 2457 mutavit

125 2601 127 2607 ¹
167 2524 314 2616 melleos;
337 2543 398 2606 quo
421 2525 504 2590 lacto
527 2543 583 2590 sua
605 2526 652 2590 vis
674 2544 829 2606 quemque
851 2529 958 2590 secuta
980 2531 1034 2590 cst.
1078 2526 1249 2590 Subtrecto

168 2659 284 2739 itaque,
307 2659 359 2739 qui
383 2659 527 2723 dissonus
551 2663 649 2723 erata
666 2661 798 2734 caeteris
822 2625 899 2723 alios
913 2659 1107 2739 ponderavit,
1123 2659 1250 2722 mirum-

169 2808 230 2870 que
251 2789 283 2854 in
305 2789 432 2853 modurn
456 2789 560 2854 divino
572 2793 650 2853 nutu
672 2789 870 2870 primulel.
894 2789 1050 2854 secundus
1072 2780 1273 2856 lll.tertius'

170 2921 242 2989 Vlll.
264 2923 571 3004 quartusvlnescto
594 2923 706 3004 quibus
717 2922 908 3002 ponderibus
931 2923 1141 3004 appendebat.
1165 2923 1247 3005 eog-

114 3041 126 3067 ”
169 3058 257 3123 novit
278 3059 384 3140 itaquo
406 3059 653 3123 innumerorum
675 3057 1095 3139 proportionedncollatione
1110 3059 1248 3122 musicae

170 3192 288 3256 versari
311 3192 486 3257 scientiam.
510 3192 587 3255 Erat
609 3193 687 3256 enirn
712 3209 748 3255 ca
770 3191 950 3255 constitutio
973 3192 1003 3254 in
1027 3190 1248 3270 quatriorrnal-

169 3326 238 3406 leis!
261 3345 340 3408 quae
363 3332 412 3392 est
433 3329 525 3394 modo
547 3329 579 3392 in
603 3334 738 3409 quatuor
771 3329 886 3392 littoris
918 3328 984 3390 Ab
998 3327 1060 3390 Ea.
1106 3327 1249 3407 Denique

169 3459 195 3522 si
219 3461 245 3522 A
266 3459 370 3539 gravis
385 3461 480 3525 babet
495 3460 584 3541 xll.²)
604 3461 662 3523 &a
684 3466 774 3523 acuta
796 3460 847 3534 Vl,
872 3464 957 3523 tenet
978 3477 1011 3522 se
1033 3464 1126 3522 oculta
1148 3475 1248 3520 acum

169 3593 209 3654 Λ.
253 3590 341 3672 gravi
384 3593 597 3674 proportione,
642 3610 724 3671 quite
756 3597 804 3656 est
835 3592 867 3655 in
904 3589 1111 3654 Aritbmetica
1144 3589 1248 3669 duple,

241 3784 262 3854 ¹)
277 3780 338 3836 eod.
356 3782 420 3836 9921
438 3781 505 3846 licit:
524 3782 661 3848 magisque
680 3782 789 3836 sitienti.
