2782 4250
639 209 842 274 -122..

200 386 232 453 in
255 388 375 454 musica
396 391 499 453 autern
523 387 675 468 diapason
697 388 907 453 consonantia.
931 386 1048 450 Dvero
1063 383 1178 465 grauis,
1203 401 1283 465 quae

201 519 249 579 est
273 515 434 582 Vitiioum
457 514 494 582 E.
516 515 614 595 gravi,
642 514 786 596 quodest
810 512 881 577 Vlll.
907 515 992 578 tenet
1014 529 1048 576 se
1072 507 1283 590 proportione,

200 667 281 730 quae
293 652 381 716 estin
392 650 590 716 arithmetica
599 651 823 732 sesquioctava,
835 651 868 715 id
879 649 1110 731 estepogdous,
1123 647 1154 712 in
1165 643 1284 710 musica

199 788 305 849 autem
318 789 411 850 tonus
422 784 634 850 sonsonantie.
656 787 773 848 itema.
788 787 881 848 nauta
902 800 971 847 oum
994 782 1029 845 E.
1053 777 1149 860 gravi,
1162 775 1283 842 sieutD

200 881 306 993 gravis
329 932 397 981 eum
414 911 554 995 Agraei,
576 915 663 978 tenet
675 929 709 977 se
727 911 939 994 proportione,
962 926 1042 992 quae
1064 909 1113 972 est
1133 882 1172 970 in‘
1186 902 1285 968 arith·

200 1041 314 1108 metica
336 1042 546 1123 sesquitertia,
570 1043 601 1110 in
624 1043 743 1108 musica
758 1038 1043 1106 nerodiadessaron
1065 1032 1283 1101 consonantia.

198 1177 325 1240 imina.
348 1180 534 1240 ooniacum
558 1177 594 1242 D.
617 1175 715 1258 gravi,
739 1173 831 1262 'sieut
854 1170 889 1234 Ε.
914 1167 1018 1251 gravis
1042 1185 1110 1231 eum
1134 1165 1168 1228 A.
1197 1163 1286 1246 gravi

197 1311 287 1382 tenet
308 1328 343 1374 se
364 1311 577 1394 proportione.
601 1327 682 1391 quae
704 1312 753 1374 est
774 1307 807 1374 in
828 1302 1027 1370 arithmetice
1059 1298 1285 1382 sesquialtera,

201 1433 233 1498 in
255 1434 373 1500 mustea
395 1452 469 1500 vero
491 1435 639 1516 diapente
669 1433 879 1500 consonantia.
920 1412 966 1502 Et
999 1430 1026 1496 si
1049 1430 1083 1493 A.
1104 1425 1200 1494 habet
1222 1422 1285 1490 xii.

200 1567 226 1624 a
249 1565 289 1629 D.
313 1565 366 1634 iX.
390 1567 520 1634 ternarii
542 1567 753 1649 propassus‚¹)
775 1563 904 1629 habebit
926 1564 962 1630 A.
985 1561 1019 1624 in
1040 1559 1101 1624 xli.
1126 1555 1285 1622 ternarios

200 1694 342 1772 quatuor,
365 1691 391 1757 do
412 1695 448 1758 D.
470 1692 503 1758 in
520 1693 602 1758 Vliil.
623 1695 777 1760 ternarios
798 1691 911 1770 tres.²)
934 1690 1056 1756 Rursus
1078 1705 1148 1752 eum
1169 1683 1286 1750 habeat

202 1819 238 1884 A.
260 1817 322 1884 1111.
345 1818 423 1883 dn.
448 1833 544 1884 reptent
569 1795 708 1903 Villis)
731 1820 948 1904 quaternarios
970 1832 1081 1900 passus
1104 1818 1169 1878 tres
1191 1812 1285 1879 habe·

202 1931 249 1996 hit
270 1933 306 2000 A·
330 1933 368 1998 Ε.
391 1952 465 2000 vero
486 1935 575 2017 duos,
597 1937 625 2002 de
647 1937 797 2021 diapenta
817 1940 915 2018 patet.
958 1934 1027 2000 Sint
1048 1933 1163 2010 iterum
1173 1929 1234 1999 nu.
1250 1936 1284 1996 in

201 2062 238 2122 A.
261 2059 287 2124 dr
308 2059 357 2124 Vl.
390 2061 420 2123 in
453 2060 556 2128 attera
576 2083 605 2129 a.
639 2065 782 2130 senarius
815 2063 970 2145 medietas
1004 2068 1052 2128 est
1085 2061 1280 2142 duodenarii,

200 2186 281 2248 sicut
304 2202 332 2251 a.
353 2191 449 2262 acuta
471 2186 601 2252 alterius
623 2190 660 2252 A.
683 2189 854 2255 medietate
876 2189 1042 2274 colligitur.
1085 2189 1186 2254 Adest
1208 2206 1284 2272 ergo

200 2301 362 2384 diapason.
407 2304 456 2367 lta
475 2305 546 2385 ipsa
567 2308 635 2388 Ast)
658 2306 699 2372 ad
719 2307 756 2372 D.
780 2307 986 2388 diatessaron,
1009 2306 1050 2372 ad
1062 2307 1099 2372 Ε.
1122 2306 1284 2386 diapente.

199 2422 294 2490 alteri
315 2443 389 2492 vero
411 2443 437 2490 a.
462 2424 615 2507 diapason
643 2427 758 2494 reddit.
805 2429 844 2492 D.
878 2446 1000 2510 utroque
1034 2427 1074 2494 ad
1096 2427 1133 2490 Ε.
1163 2430 1283 2506 tonum,

199 2539 241 2606 ud
263 2545 430 2623 unumque
451 2543 489 2609 A.
510 2561 538 2610 a
561 2545 758 2612 diatessaron
789 2554 844 2612 aut
865 2547 1012 2629 diapente
1035 2553 1134 2612 sonat.
1179 2547 1222 2610 Et
1244 2547 1283 2613 Ε.

200 2657 296 2722 etiam
318 2661 356 2722 ad
378 2661 414 2726 D.
438 2667 560 2744 tonum,
582 2664 708 2744 utrique
730 2666 766 2730 A.
790 2684 817 2731 a.
842 2665 990 2746 diapenta
1013 2665 1061 2728 vel
1084 2665 1283 2730 diatessaron

199 2772 346 2837 mandat:
369 2791 397 2836 a.
422 2792 494 2838 vero
516 2781 607 2840 acuta
629 2794 701 2840 oum
723 2779 760 2844 A.
782 2777 946 2858 diapason.
969 2794 1040 2839 eum
1064 2776 1100 2840 i).
1124 2777 1284 2858 diapente.

200 2907 270 2954 eum
293 2892 327 2956 Ε.
351 2891 547 2958 diatessaron
570 2898 673 2960 sonet.
716 2894 803 2972 Quae
826 2897 938 2958 ounota
960 2891 992 2958 in
1014 2892 1206 2973 supradictis
1228 2911 1285 2958 nu-

199 3009 295 3072 meris
316 3009 456 3074 curiosus
480 3012 695 3091 perscrutator
718 3007 866 3074 inveniet.
909 3007 989 3078 Hine
1023 3007 1105 3072 onim
1128 3007 1285 3090 incipiens
1356 3082 1364 3096 ,

198 3123 329 3188 Boetius
351 3125 498 3205 panditor
521 3125 613 3190 huius
635 3125 722 3207 artis,
745 3123 875 3189 multam
899 3126 1070 3206 miramque
1092 3124 1280 3192 &difficilli-
1346 3119 1349 3122 ’

198 3259 280 3306 mem
302 3241 394 3308 huius
415 3243 494 3308 artis
518 3245 714 3310 concordiam
746 3263 815 3310 eum
838 3264 1038 3310 numerorum
1074 3247 1281 3328 proportione
1370 3291 1373 3298 -

198 3357 433 3424 demonstravit.
477 3359 559 3437 Quid
573 3359 684 3442 plorat
727 3361 787 3426 Per
809 3361 1006 3438 supradictas
1029 3364 1151 3444 speeies
1173 3381 1283 3429 mono-

268 3648 288 3708 1)
306 3644 368 3699 cod.
386 3647 450 3700 9921
469 3647 532 3713 dicit:
552 3647 591 3710 „de
608 3646 633 3698 D
651 3646 697 3700 IX.
715 3647 822 3714 sintque
836 3651 949 3714 quatuor
959 3647 1068 3700 ternarii
1078 3663 1126 3714 pro
1135 3647 1287 3714 passibus.“

268 3726 288 3788 ²)
305 3722 368 3778 cod.
386 3724 450 3778 9921
470 3726 557 3791 inaltet
574 3726 629 3792 aad)
649 3725 779 3780 ternarios
796 3733 850 3781 tres
868 3728 920 3782 ein:
939 3731 1025 3789 „Eece
1047 3727 1235 3784 diatessaron“.
1287 3751 1292 3770 ·

204 3871 207 3876 Ι
265 3805 285 3872 ⁸)
304 3804 368 3861 Cori.
385 3805 450 3860 9921
467 3805 530 3869 tide:
555 3805 658 3862 Rursus
674 3821 734 3869 oum
757 3806 857 3862 haheat
880 3806 975 3862 AXll.
1004 3806 1077 3865 etri
1102 3811 1193 3884 teneat
1219 3805 1288 3863 Vlil.
