2782 4250
645 207 684 214 ..
718 172 757 234 93
792 205 832 214 .-

537 355 711 453 caput
748 351 932 428 xvll.

258 474 351 562 Quod
375 472 417 537 ud
438 472 574 538 ¹cautum
596 464 770 549 redigitur
791 477 899 548 omne,
923 459 1010 545 quod
1033 455 1209 524 scribitur.

278 630 336 694 llis
357 627 497 692 breuiter
519 623 671 688 intimetis
700 620 784 684 uliud
807 616 864 682 tibi
891 613 1108 696 planissimum
1122 591 1277 676 'dabimus

193 777 243 842 hic
264 777 492 857 argumentum,
519 769 683 834 utillimum
707 768 788 842 usui,
817 766 890 830 licet
917 764 1070 828 hactenus
1091 759 1275 826 inauditum.

193 919 260 997 Quo
284 936 354 982 curn
378 915 516 987 omnium
539 914 663 978 omnino
686 913 837 978 melorum
860 929 954 978 ceusu
977 910 1133 988 claruerit„
1160 908 1277 989 poteris

192 1068 246 1129 tuo
268 1062 337 1128 usui
362 1061 520 1142 adhibere,
544 1079 615 1141 quoe
630 1059 811 1142 probaveris
835 1059 1007 1140 commoda,
1032 1053 1276 1124 &nihilominus

192 1208 351 1272 respuere,
375 1207 443 1270 quae
466 1189 656 1257 videbuntur
678 1193 861 1270 oluscoeuu¹l¹
892 1189 1055 1270 Perpende
1073 1186 1180 1267 igilur,
1203 1184 1277 1265 quia

192 1336 273 1407 sicut
295 1360 393 1423 ornue,
416 1342 499 1422 quod
523 1339 647 1415 dicitur,
670 1340 825 1416 scribitur,
848 1339 893 1403 ita
915 1339 962 1404 cd·
977 1340 1102 1402 centum
1121 1333 1277 1416 redigitur

193 1507 292 1570 omne
314 1489 399 1569 quod
432 1487 588 1553 scribitur,
635 1487 771 1554 Oonitur
806 1505 881 1568 ergo
903 1503 1004 1560 omnel
1037 1485 1120 1566 quod
1149 1483 1273 1562 dicitur,

194 1619 351 1700 scriptura
373 1623 474 1682 autern
497 1616 613 1681 litteris
635 1617 796 1698 figuretur.
820 1617 882 1682 Sed
904 1636 944 1681 ne
966 1617 998 1680 iu
1020 1617 1146 1700 lengum
1168 1614 1276 1695 regule

143 1801 146 1816 ·
192 1771 300 1830 nostra
321 1765 525 1846 producatur,
547 1787 601 1828 rec
623 1765 668 1827 lu's
689 1771 723 1827 de
744 1763 884 1830 litteris²l
907 1764 1043 1846 quinque
1053 1767 1174 1828 tantum
1187 1779 1275 1827 vocu-

193 1915 239 1980 les
261 1934 431 1996 sumamus!
455 1905 767 1996 sind'quibus'nulla
788 1914 849 1980 ulia
872 1914 988 1995 littera,
1010 1913 1072 1979 sed·
1087 1931 1144 1978 nec
1157 1910 1275 1994 syllaba

192 2070 305 2118 souare
337 2053 509 2134 probatur,
544 2070 715 2132 earumque
749 2051 941 2130 permaxime
975 2067 1070 2113 ceusu
1103 2045 1275 2122 conficitur,

191 2189 474 2270 quotienscumque
496 2188 603 2252 suauis
626 2189 792 2253 concordia
814 2189 845 2251 in
868 2185 1001 2252 diversis
1024 2184 1168 2264 partibus
1190 2181 1276 2245 inve-

190 2323 284 2404 nitur,
308 2323 389 2387 sicut
409 2339 551 2404 persaepe
573 2321 715 2385 videmus
733 2335 884 2383 consonos
900 2317 1064 2382 &sibimet
1087 2315 1275 2380 alterutrum

191 2447 418 2527 respondentes
441 2463 549 2510 versus
572 2445 604 2510 in
627 2443 746 2521 metris
768 2449 806 2508 ut
828 2441 995 2523 quemdum
1016 2442 1106 2521 quusi
1129 2439 1273 2522 sympho-

191 2582 275 2646 niam
307 2581 522 2664 grammaticae
557 2580 731 2644 admireris.
777 2579 833 2644 Oui
866 2579 893 2643 si
923 2577 1041 2643 musice
1069 2577 1274 2658 responsione

192 2716 286 2782 simili
310 2716 467 2798 iungatur,
491 2715 609 2796 duplici
631 2715 846 2780 modulatione
868 2713 1042 2779 delecteris.

273 2853 336 2914 Hes
372 2848 477 2928 itaque
511 2848 648 2930 quinque
680 2850 803 2914 vocales
837 2867 1002 2928 sumamus,
1035 2847 1167 2912 forsitan
1202 2864 1272 2910 cum

191 2988 314 3050 tuntum
346 2985 519 3051 concordiae
552 2985 694 3051 tribuunt
727 2985 840 3060 verbis,
874 3003 937 3048 nou
970 2983 1073 3047 miuus
1108 2971 1273 3046 contilenoe

190 3117 433 3198 praestubuut&
465 3118 597 3182 neumis.
642 3095 865 3197 Supponuntur
898 3116 1005 3194 itaque
1037 3131 1094 3193 por
1131 3113 1272 3177 ordinem

191 3245 308 3310 litteris
346 3245 558 3326 monochordi,
588 3247 711 3326 &quia
733 3245 871 3326 quinque
893 3248 1014 3309 tantum
1038 3249 1118 3323 sunt,
1151 3244 1272 3308 tamdiu

189 3376 385 3454 repetantur,
419 3374 516 3440 donec
538 3374 706 3454 unicuique
728 3391 802 3440 sono
825 3392 882 3438 sue
904 3373 1119 3438 subscribatur
1144 3373 1270 3455 vocalis,

189 3482 248 3548 hoc
268 3475 376 3550 modo:

259 3771 277 3838 ¹)
294 3773 397 3828 deteret
413 3777 523 3830 ulrurrtll:
542 3777 650 3832 aluum.
