2782 4250
682 128 867 189 „84-

308 310 528 393 Proponatque
540 306 597 372 sibi
609 305 758 385 dimicas,
775 304 889 386 quibus
901 321 938 367 ex
952 301 1000 366 his
1016 299 1222 366 divisionibus
1233 301 1316 365 inoe-

226 428 353 495 dentem
374 427 469 493 faciat
487 428 622 503 cantum,
645 424 728 488 siout
750 420 909 501 Metricos,
930 421 1044 502 quibus
1065 421 1198 502 pedibus
1219 417 1316 483 faeiat

226 567 368 632 versum3
400 546 462 614 nisi
483 545 571 630 quod
593 541 734 607 Musiaus
756 560 819 606 uon
841 559 875 606 se
898 545 988 606 tanta
1020 541 1101 622 legis
1123 541 1315 605 necessitate

225 663 423 746 constringit
445 662 524 742 quia
539 659 573 724 in
595 658 739 723 omuibus
762 675 796 722 so
817 657 895 722 haec
917 676 968 721 ars
991 657 1023 721 in
1049 674 1156 720 vocum
1174 655 1310 736 disposi-

225 783 311 854 tione
331 786 383 846 rat
369 779 514 846 tionabili
551 779 672 843 variata
673 780 898 858 ttatepermu.
915 775 1063 855 ¹)Quam
1086 775 1314 840 rationabilita-

223 897 288 959 tem
310 892 370 958 etsi
392 910 487 974 saepe
508 910 572 957 nou
596 891 903 972 comprehendamus,
941 894 992 952 rat
978 888 1132 953 tionalet
1119 894 1225 953 tamen
1248 908 1313 955 ore·

224 1010 310 1076 ditur
330 1009 373 1091 iq
396 1027 567 1092 quomens,
590 1009 622 1074 in
645 1026 707 1090 qua
729 1007 891 1086 ostrado,
915 1005 1100 1071 delectatur.
1147 1007 1212 1071 Sed
1233 1005 1313 1072 haee

224 1125 452 1190 &huiusmodi
473 1124 587 1189 melius
610 1122 814 1204 colloquendo
847 1140 941 1203 quam
978 1122 1203 1187 conscribendo
1226 1140 1313 1186 mon·

223 1241 373 1304 strantur.

308 1371 442 1453 Oportet
465 1390 549 1454 orgo,
583 1376 620 1436 ut
641 1389 727 1436 more
749 1389 893 1436 versuum
919 1369 1311 1452 distinctiones'aequales

222 1483 295 1562 sint,
318 1485 551 1570 &aliquotiens
575 1486 703 1551 eaedem
725 1485 889 1568 repetitae,
927 1490 982 1549 aut
1004 1484 1111 1565 aliqua
1135 1485 1183 1550 vel
1213 1504 1310 1566 parva

222 1608 398 1685 mutatione
420 1608 567 1688 variatae,
585 1606 611 1671 dr
635 1625 704 1672 oum
727 1612 830 1689 plures
852 1590 964 1674 luerint
983 1607 1170 1690 duplicatae,
1193 1607 1310 1674 haben-

223 1730 269 1789 tes
282 1729 389 1807 partos
403 1743 464 1791 uon
473 1724 567 1790 nimis
579 1723 757 1806 diversas&
774 1743 853 1807 quae
864 1723 1053 1806 aliquotiens
1067 1723 1194 1788 eaedem
1205 1727 1309 1789 trans·

222 1834 396 1904 formentur
417 1858 474 1921 per
484 1839 603 1921 modos,
626 1845 681 1906 aut
702 1840 817 1904 similes
839 1839 982 1903 intensae
1005 1838 1194 1903 &remissae
1219 1839 1309 1904 inve·

222 1955 393 2039 niantur2).
418 1958 496 2023 item
509 1963 546 2024 ut
558 1960 752 2041 reciprocata
763 1976 884 2042 ¹neuma
896 1959 1004 2022 eadem
1018 1959 1075 2039 via,
1100 1977 1162 2039 qua
1175 1965 1308 2024 venerat

222 2097 260 2146 ao
269 2100 326 2163 per
337 2083 446 2147 eadem
459 2084 595 2166 vestigia
608 2083 788 2166 racanati).
816 2087 895 2150 item
909 2087 1082 2168 utiqualem
1096 2086 1246 2152 ambitum
1259 2087 1309 2155 vel

222 2199 338 2267 lineam
351 2221 414 2268 una
435 2202 510 2269 lacit
532 2205 674 2270 saliendo
697 2209 736 2272 ab
759 2209 866 2290 acutis,
894 2209 989 2274 talem
1012 2210 1194 2276 inclinatam
1206 2211 1310 2278 altera

115 2361 118 2367 ,
223 2312 390 2394 eregiouo
412 2320 551 2396 opponat
572 2319 788 2399 respondendo
812 2339 830 2383 a
851 2320 1008 2400 gravibus,
1046 2321 1127 2384 siout
1157 2321 1200 2400 fit!
1238 2341 1308 2387 oum

222 2431 431 2516 inputeonos
454 2453 523 2502 oum
546 2438 681 2519 imagine
703 2444 812 2504 nostra
834 2443 942 2505 contra
964 2441 1200 2523 speculamum).
1227 2443 1307 2508 item

221 2551 394 2634 aliquando
416 2574 478 2622 una
500 2557 622 2640 syllaba
643 2577 738 2624 unam
759 2561 808 2626 vel
830 2560 935 2634 plures
956 2561 1070 2627 habeat
1090 2581 1227 2637 neumas,
1252 2565 1307 2630 ali-

225 2668 351 2749 quando
373 2691 435 2737 una
457 2691 570 2740 neuma
591 2675 697 2756 plures
719 2676 877 2741 dividatur
898 2677 928 2740 in
945 2676 1088 2759 syllabas.
1134 2677 1307 2744 Variabun-

223 2830 518 2850 ——m

292 2915 311 2982 ²)
329 2914 391 2970 (lod.
410 2917 514 3027 ⁰²‘0b‘l‘
533 2920 637 2992 misceri
656 2923 795 2991 permittit.

934 2990 937 3034 l

289 3045 309 3114 ²)
325 3048 374 3103 aa
391 3049 558 3116 toudrndion
576 3055 604 3119 iil
621 3056 669 3123 peip
688 3056 837 3124 ldmetidsslq
864 3061 913 3113 aab
931 3062 970 3114 tor
989 3059 1097 3118 delanio
1115 3065 1206 3122 onitas.
1254 3070 1304 3125 mie

219 3147 408 3217 militudinem,
435 3155 457 3208 b.
476 3155 499 3222 o.
516 3157 554 3212 lle
571 3160 640 3220 turtio
651 3160 895 3226 depauperando,
913 3167 991 3230 moldo
1011 3183 1064 3234 qum
1078 3172 1181 3235 ditarer
1200 3174 1304 3240 qroiqnet

219 3243 270 3309 lino
288 3245 315 3313 [ἱ.
334 3245 417 3333 otenp
434 3250 563 3318 quilitelen
583 3253 712 3319 dliidpuille
730 3255 798 3320 lodan
817 3259 969 3329 lpmrue'rlld]
996 3266 1081 3330 qrbaul
1100 3268 1159 3335 ioirq
1189 3272 1303 3337 detoldus

219 3341 259 3407 illi
279 3343 413 3410 mottmals
431 3351 591 3406 anseranum
610 3352 740 3423 (eaodem)
766 3356 920 3424 uictoriatos
946 3365 999 3417 otor
1017 3381 1065 3420 aut
1083 3371 1243 3426 anbebraleno
1262 3382 1305 3428 oa

218 3436 275 3492 tiltl
297 3439 660 3514 miatprteiprtu3monalle'1o
678 3453 861 3523 propinqum
878 3462 934 3514 aori
929 3471 1014 3524 auton
1032 3466 1092 3530 tina
1108 3468 1130 3530 lo
1149 3469 1237 3525 iturea
1255 3472 1305 3527 do
1384 3500 1385 3506 1

217 3535 282 3601 petae
299 3539 370 3605 outo
389 3556 447 3596 neae
465 3540 564 3600 dileto
581 3549 717 3615 orrqriiett
735 3554 835 3610 miram
869 3557 937 3623 llicit
955 3574 1029 3615 neam
1043 3563 1141 3619 illimes
1158 3567 1227 3632 tollen
1245 3570 1303 3626 aber

217 3632 278 3698 toltit
294 3635 357 3702 auga
374 3636 421 3701 ioht
449 3650 497 3695 ooo
523 3647 567 3696 ooo
585 3644 775 3711 qnuplmoltoen
804 3653 932 3721 nouetqeo
961 3659 1010 3714 aab
1033 3662 1107 3725 tltets
1135 3665 1301 3732 uteoettqteu

214 3731 353 3799 (eaedem)
371 3737 424 3792 aab
442 3751 489 3794 aar
507 3741 563 3807 nod
582 3744 626 3798 lea
638 3743 764 3806 tonarius
782 3753 930 3820 amqeiouud
946 3758 1001 3814 oter
1019 3763 1159 3828 menippeus
1176 3767 1230 3831 bord
1255 3771 1302 3826 orit
