2768 4246
641 229 830 299 -ra-
951 255 952 258 κ

490 429 703 516 Incipiunt
727 433 933 518 Capitula.
944 429 965 495 ¹)
984 465 989 482 ι

688 610 786 620 ι...-

195 705 420 876 Capitulumvl.
451 714 532 794 Quid
554 715 662 797 iaciat,
691 718 746 800 qui
774 735 809 783 se
837 717 877 782 ad
905 715 1102 800 disciplinam
1133 714 1277 781 Musicae

277 827 355 891 para
383 863 390 878 .

195 928 376 1012 Capitulum
398 933 430 1000 ll.
461 934 548 1013 Quae
569 936 619 1002 ael
641 935 750 1019 quales
772 936 836 1004 sint
857 942 960 1014 notae,
985 938 1035 1004 vel
1057 939 1157 1022 quoti

195 1044 374 1130 Capitulum
395 1049 438 1115 lll.
474 1052 522 1118 De
544 1052 751 1135 dispositione
773 1071 881 1120 aarum
903 1055 936 1121 in
957 1054 1198 1122 monochordo?

196 1161 380 1249 Capitulum
401 1168 449 1237 lv,
486 1170 608 1250 Quibus
630 1190 685 1238 sex
707 1171 808 1253 modis
825 1169 902 1240 ‘sibi
924 1171 1058 1238 invicem
1086 1189 1178 1238 voces
1204 1171 1279 1253 jun·

277 1273 421 1353 gantur?

195 1373 380 1463 Capitulum
413 1381 448 1448 V.
493 1383 540 1450 De
569 1383 729 1467 diapason,
759 1388 791 1449 et
824 1401 879 1450 cur
911 1386 1033 1448 tantum
1063 1386 1185 1463 septem
1217 1383 1282 1448 sint

276 1488 392 1552 notae?
1175 1506 1179 1512 ·

195 1601 378 1687 Capitulum
408 1603 458 1671 Vl.
504 1565 598 1672 item
616 1604 656 1670 de
689 1601 906 1682 divisionibus
942 1605 974 1666 et
1015 1580 1279 1684 interpretatione

277 1721 396 1775 aarum.

148 1821 152 1828 '
195 1811 379 1899 Capitulum
402 1817 462 1885 Vll.
500 1818 551 1886 De
580 1816 734 1886 affinitate
765 1835 876 1884 nucum
904 1832 963 1898 per
988 1819 1128 1898 quatuor
1160 1815 1279 1883 modos.

195 1971 376 2068 Capitulum
397 1972 469 2040 Vlll.
502 1973 554 2039 De
574 1973 646 2039 aliis
666 1969 875 2074 affinitatibus
896 1970 929 2031 et
948 1962 967 2024 l’
984 1969 1015 2032 el
1029 1951 1052 2042 l·

197 2109 379 2196 Capitulum
399 2115 455 2195 ix,
498 2115 578 2181 item
611 2117 651 2181 de
672 2116 877 2182 similitudine
907 2133 1026 2194 vocum,
1058 2129 1192 2194 curarum
1214 2109 1282 2175 dia-

277 2229 378 2293 pason
399 2212 467 2278 sola
481 2211 623 2296 perfecta
644 2218 701 2277 est.
732 2288 734 2294 ¹

195 2324 377 2408 Capitulum
393 2323 430 2392 X.
466 2324 546 2391 ltem
575 2325 614 2390 de
657 2327 758 2393 modis
789 2333 822 2392 et
847 2325 920 2392 falsi
949 2325 1022 2392 meli
1053 2324 1216 2407 agnitione
1249 2329 1282 2389 et

279 2429 484 2495 correctione.

195 2549 377 2634 Capitulum
399 2550 452 2619 Xl.
486 2549 572 2630 Quae
593 2569 654 2616 vox
676 2557 707 2616 et
729 2566 785 2615 cur
818 2549 850 2613 in
873 2551 966 2614 cantu
995 2545 1137 2613 obtineat
1166 2543 1281 2628 princi-

220 2705 223 2708 .
277 2654 398 2730 poton.

195 2765 375 2849 Capitulum
395 2764 458 2830 Xll.
490 2765 540 2831 De
561 2763 715 2830 divisione
736 2769 872 2845 quatuor
891 2762 1058 2828 'modorum
1077 2763 1109 2826 iu
1132 2765 1213 2826 octo.

59 2951 61 2956 ,
195 2880 378 2965 Capitulum
408 2881 479 2948 Xlll.
510 2881 556 2947 De
577 2885 650 2947 octo
676 2882 840 2948 modorum
869 2880 1037 2962 agnitione,
1069 2877 1211 2944 acumine
1246 2883 1277 2944 et

315 2980 442 3048 evitate.

194 2997 374 3176 Capitgurlum
397 3094 482 3160 XIV.
520 3095 599 3158 item
628 3093 668 3159 dc
690 3095 790 3176 tropis
812 3100 844 3160 et
866 3081 982 3158 virtute
1006 3088 1153 3155 Musicae.

195 3206 374 3288 Capitulum
396 3207 463 3275 XV.
498 3208 548 3273 De
563 3208 725 3285 commoda
747 3210 795 3276 vel
818 3211 1033 3292 componenda
1055 3203 1284 3278 modulatione

195 3367 375 3451 Capitulum
397 3368 481 3433 XVl.
520 3369 568 3434 De
589 3369 755 3451 multiplici
777 3371 933 3435 varietata
967 3386 1116 3436 sonorum
1147 3375 1179 3436 et
1202 3388 1277 3435 neu-

277 3483 410 3530 marum.

183 3577 377 3680 'Capitulum
407 3575 497 3642 XVll.
533 3578 623 3658 Quod
651 3581 692 3645 ad
722 3588 848 3646 cantum
879 3581 1032 3663 redigitur
1064 3599 1164 3662 eumne,
1195 3579 1278 3662 quod

250 3680 402 3748 dicitur.
520 3679 523 3684 '

265 3867 283 3936 ¹)
299 3866 356 3923 Coi
373 3863 621 3934 intollatcrlritinii
638 3864 694 3933 tripli
712 3865 739 3920 in
756 3863 925 3930 cotidianam
943 3858 1130 3928 puatldtillau.
1149 3888 1180 3898 -
