2782 4250
617 215 804 282 „73-

167 388 266 466 atque
287 385 334 452 ita
354 387 522 456 diversitas
539 393 701 474 troporum
717 394 895 464 diversitati
911 400 1063 472 mentium
1079 405 1251 487 coaptatur,
1387 421 1388 432 ¹

111 519 114 526 '
168 525 203 584 ut
225 539 307 588 uuus
343 525 466 592 autenti
500 528 624 596 deuteri
646 531 754 600 tractis
790 533 921 602 saltibus
945 537 1136 604 delectetur:
1172 539 1252 606 alins

165 654 266 737 plegae
289 657 356 723 triti
390 658 486 742 eligat
520 649 731 747 voluptatem
765 668 819 733 uni
848 667 1021 750 garrulitas
1042 671 1176 736 tetrardi
1198 691 1252 736 uu·

165 793 246 858 tenti
268 795 369 878 magis
390 800 509 880 placet3
532 798 612 866 alter
637 801 777 868 eiusdem
799 802 903 886 plagae
924 804 1095 873 suritatem
1120 807 1251 888 probat;

164 923 210 1006 sic
231 923 257 990 dr
278 925 318 992 de
339 925 478 1010 reliquis.

248 1077 314 1145 Nec
335 1079 458 1163 mirum,
494 1080 522 1148 si
544 1083 701 1150 varietate
733 1101 880 1152 sonorum
917 1084 1094 1152 delectatur
1114 1088 1252 1166 auditus

167 1226 236 1274 oum
260 1209 415 1276 uarietate
437 1209 577 1277 colorum
598 1213 775 1296 gratuletur
810 1214 907 1295 visus,
943 1217 1099 1285 varietate
1120 1220 1251 1287 odorum

164 1335 309 1406 foveatur
331 1337 474 1422 ollactus,
509 1342 703 1426 mutatisque
725 1344 894 1425 saporibus
916 1345 1024 1428 lingua
1045 1350 1249 1432 congaudeat.

163 1465 214 1534 Sic
237 1468 318 1535 euim
340 1487 399 1551 per
420 1467 592 1538 lenestram
629 1473 771 1556 corporis
794 1474 1025 1544 delectabilium
1047 1494 1152 1543 rerum
1175 1495 1250 1546 sua·

163 1597 246 1665 uitas
267 1598 368 1670 intrat
391 1601 576 1670 mirabiliter
604 1605 781 1688 penetralia
806 1607 918 1674 cordis.
972 1607 1050 1674 lnde
1070 1614 1129 1692 est,
1167 1609 1251 1692 quod

162 1736 244 1804 sieut
266 1737 457 1820 quibusdam
480 1741 657 1826 saporibus,
679 1741 835 1810 coloribus
860 1743 1057 1827 doctioribus,
1082 1723 1259 1812 ueletiam

161 1868 306 1936 colorum
327 1871 446 1936 intuitu
468 1871 553 1937 sulus
575 1878 641 1937 tam
664 1873 767 1939 cordis
789 1890 884 1955 quam
906 1872 1046 1955 eorporis
1069 1872 1119 1939 rel
1138 1871 1249 1939 minui·

163 2011 216 2074 tur
240 2005 289 2072 uel
313 2012 456 2089 augetur.
501 2006 549 2072 lta
571 2007 736 2091 quondam,
760 2013 796 2072 ut
816 2006 940 2087 legitur,
967 2007 1095 2089 quidam
1115 2008 1247 2091 phrene-

162 2137 243 2211 ticus
259 2144 390 2207 canente
402 2140 591 2223 Asclepiade
603 2141 624 2229 ²)
647 2141 768 2208 medico
790 2141 829 2207 ab
851 2141 974 2206 insania
987 2145 1161 2208 revocatus.
1206 2143 1248 2208 Et

163 2253 238 2321 item
262 2254 346 2322 alius
380 2256 506 2337 quidam
543 2256 673 2322 citharae
695 2257 853 2323 suavitate
874 2255 907 2322 in
939 2260 1059 2324 tantam
1085 2256 1247 2324 libidinem

162 2390 321 2474 incitatus
353 2394 390 2455 ut
412 2389 587 2457 cubiculum
609 2389 723 2474 puellae
744 2392 901 2473 quaereret
934 2387 1100 2471 effringere
1122 2389 1247 2456 demen-

162 2530 262 2594 tatus:
284 2547 419 2610 moxque
442 2526 617 2594 cithrroedo
639 2531 782 2594 mutante
803 2526 933 2592 modum
956 2525 1128 2608 uoluptatis
1149 2527 1246 2610 poeni·

160 2657 260 2723 tentia
294 2657 422 2724 ductum
460 2657 630 2724 recessisse
661 2657 833 2725 confusum.
892 2659 974 2723 ltem
995 2658 1021 2719 d
1041 2658 1145 2725 David
1166 2657 1246 2724 Saul

158 2783 347 2852 daemonium
373 2784 494 2852 cithara
514 2785 690 2869 mitigabat,
712 2785 958 2853 &daemonicam
979 2783 1139 2852 feritatem
1152 2784 1245 2852 huius

158 2918 239 2986 artis
260 2917 382 3002 potenti
404 2920 435 2986 vi
457 2938 495 2986 ae
517 2919 674 2988 suavitate
695 2918 869 3001 frangebat.
913 2915 990 2996 Quae
1011 2919 1118 2984 tamen
1139 2915 1245 2983 visso-

157 3051 223 3118 lum
243 3052 360 3119 divinae
382 3051 544 3129 sapientia
566 3054 608 3119 ad
629 3056 756 3136 plenum
778 3055 875 3135 patet.
932 3050 999 3118 Nos
1022 3070 1096 3119 vero
1118 3069 1190 3134 quse
1212 3051 1246 3117 in

156 3179 324 3262 aenigmata
340 3179 381 3248 ab
396 3179 470 3248 inde
491 3178 701 3264 percepimus,
723 3179 757 3244 in
778 3176 892 3244 divinis
913 3175 1062 3243 laudibus
1079 3175 1245 3259 utamur2).

155 3313 221 3381 Sed
235 3316 309 3398 quia
330 3316 371 3383 dc
392 3315 484 3382 huius
505 3316 584 3384 artis
606 3315 726 3384 uirtute
749 3315 801 3381 vin
814 3332 917 3398 pauca
930 3313 1109 3393 libavimus,
1130 3313 1245 3397 quibus

155 3453 196 3520 ad
217 3454 298 3522 bene
318 3454 544 3522 modulandum
566 3455 662 3522 rebus
684 3471 764 3536 opus
786 3451 838 3537 sit,
860 3452 1032 3522 rideamus.

225 3727 245 3794 ¹)
262 3723 443 3795 Asclepiades,
469 3725 508 3784 rin
526 3725 661 3795 brrtbmtrr
679 3725 739 3796 bert
756 3725 900 3794 autberto
918 3724 1100 3794 labilitatem
1132 3722 1200 3792 (cio.
1218 3722 1243 3778 d.

156 3841 202 3897 Or.
220 3841 340 3910 midi.)
