2782 4250
558 272 825 336 '—au-

180 452 232 513 tur
252 451 312 514 bae
336 448 385 515 vel
405 468 514 517 omnes
533 469 676 528 neumae,
710 468 780 516 cum
814 451 894 516 alias
916 451 956 515 ab
980 450 1089 515 eadem
1125 467 1200 514 voce
1221 449 1266 513 in-

180 577 306 662 cipiant,
339 579 417 646 alias
440 581 479 647 de
513 580 721 647 dissimilibus
746 581 922 647 'acciendum
954 579 1123 646 laxationis
1146 581 1173 645 d
1195 599 1265 645 acu-

178 710 272 778 minis
294 713 397 779 uarias
420 713 598 796 qualitates.
642 713 724 780 ltern
747 719 783 782 ut
804 715 844 781 ad
865 713 1071 798 principalem
1090 731 1211 783 vocem,
1234 711 1267 777 id

180 845 241 928 tes,
262 840 396 923 finalem,
432 841 482 909 vel
503 843 531 908 si
553 861 645 925 quarn
680 843 806 910 affinem
839 843 907 908 eius
928 860 986 923 pro
1008 841 1078 924 ipsa
1100 841 1263 924 elegerint,

180 990 261 1057 pane
283 989 392 1039 omnes
414 971 632 1040 distinctiones
654 977 791 1050 currant,
824 971 850 1037 du
872 972 983 1038 eadem
1004 971 1173 1054 aliquando
1195 988 1265 1046 uox,

181 1127 263 1192 quae
284 1108 434 1175 terminat
455 1127 588 1174 neumas
605 1127 722 1192 omnes,
746 1109 796 1176 uel
809 1109 916 1191 plures
933 1109 1151 1176 distinctiones
1162 1107 1265 1189 finiat,

183 1231 351 1316 aliquando
374 1231 401 1298 a
422 1231 569 1316 incipiat;
594 1234 673 1300 sicut
693 1233 777 1316 apud
792 1233 992 1308 Ambrosium
1015 1233 1157 1300 curiosus
1178 1232 1264 1298 inue-

181 1366 251 1432 nire
278 1368 407 1450 poterit.
461 1367 545 1434 Sunt
577 1386 652 1435 vero
674 1367 766 1450 quasi
786 1368 922 1451 prosaici
953 1371 1075 1448 cantus,
1106 1366 1161 1448 oui
1190 1363 1265 1430 haec

181 1501 285 1568 minue
305 1504 484 1586 observant
506 1504 539 1569 in
560 1503 674 1586 quibus
697 1522 760 1569 non
781 1507 830 1569 est
851 1520 953 1586 curae,
975 1503 1002 1568 si
1023 1501 1104 1568 aliae
1122 1501 1265 1580 maiores,
1334 1516 1336 1520 ’
1385 1493 1387 1516 “

182 1641 263 1708 aliae
293 1641 432 1708 minores
463 1647 572 1725 partes
594 1642 620 1708 u
641 1641 859 1708 distinctiones
889 1659 946 1723 per·
966 1640 1037 1706 loca
1058 1639 1128 1704 sinc
1149 1638 1265 1704 discre-

64 1797 75 1814 ‘
181 1777 268 1846 tione
296 1778 497 1844 inveniantur
518 1796 601 1845 more
621 1795 792 1855 prosarum.

267 1927 420 1994 Metricos
443 1931 548 1994 autem
571 1931 684 1994 cantos
707 1928 787 2004 dico
823 1927 897 2010 quia
929 1943 1022 2002 saepe
1051 1925 1098 1990 ita
1119 1921 1259 1989 canimus

184 2061 220 2124 ut
239 2056 333 2139 quasi
354 2074 466 2122 versus
486 2055 621 2137 pedibus
644 2055 795 2122 scandere
816 2056 987 2136 videamur,
1023 2054 1106 2118 sicut
1127 2051 1172 2132 lit,
1197 2068 1267 2115 curn

184 2173 254 2255 ipsa
275 2173 377 2237 matra
398 2172 547 2252 canimus,
569 2174 601 2234 in
623 2169 735 2250 quibus
757 2170 930 2237 cavendum
952 2174 1010 2250 est,
1032 2188 1072 2234 ne
1094 2165 1270 2249 superfluae

185 2303 409 2369 continuentur
429 2319 561 2368 neumae
584 2299 774 2383 dissyllabae
796 2301 863 2366 sine
889 2299 1083 2365 admixtione
1094 2295 1270 2379 trisyllaba·

185 2455 257 2503 rum
289 2455 327 2504 ac
359 2435 644 2520 tetrasyllabarum.
699 2433 788 2499 Sicut
819 2433 902 2497 enim
925 2422 1019 2497 Lirici
1041 2434 1154 2512 poetae
1186 2445 1270 2492 nune

187 2569 244 2636 hos
265 2552 349 2635 nunc
370 2569 449 2635 alios
471 2568 642 2636 adiunxere
662 2569 768 2652 pedes,
805 2568 850 2632 ita
872 2569 897 2628 tr
918 2565 972 2648 qui
994 2574 1119 2631 cantum
1140 2560 1271 2638 iaciunt!

187 2688 419 2755 rationabiliter
440 2689 593 2756 discretas
614 2709 651 2757 ae
671 2690 813 2756 diuersas
835 2690 1026 2770 componunt
1047 2703 1194 2766 neumas3
1225 2703 1273 2750 ra·

187 2815 348 2883 tionabilis
369 2832 444 2881 uero
468 2816 617 2883 diseretio
639 2821 697 2899 est,
721 2816 748 2883 si
769 2818 815 2883 ita
835 2816 872 2881 fit
892 2833 1076 2880 neumarum
1099 2813 1125 2879 du
1145 2810 1273 2878 distine·
1383 2857 1388 2872 .

190 2949 308 3014 tionum
329 2946 495 3014 moderata
519 2947 664 3031 varietas,
687 2954 722 3014 ut
744 2953 849 3014 tamen
871 2966 1004 3013 neumae
1026 2948 1149 3013 neumis
1172 2946 1274 3012 uois·

189 3079 358 3146 tinctiones
380 3077 637 3145 distinctionibus
659 3080 794 3160 quadam
816 3097 944 3162 semper
974 3078 1181 3144 similitudine
1214 3076 1275 3142 sibi

193 3203 403 3268 consonanter
423 3198 647 3281 respondeant
670 3200 702 3265 id
725 3205 784 3275 est,
806 3207 841 3265 ut
862 3200 904 3266 sit
919 3199 1093 3266 similitudo
1111 3198 1274 3264 dissimilis

190 3334 280 3382 more
301 3314 461 3398 perdulcis
486 3315 657 3382 Ambrosii.
701 3317 771 3384 Non
793 3322 897 3384 autem
920 3336 1017 3398 parua
1039 3315 1210 3382 similitudo
1227 3308 1276 3379 est

190 3449 301 3514 metris
322 3447 349 3514 a
369 3448 523 3530 cantibus,
546 3467 617 3515 curn
639 3450 820 3520 &neumae
841 3454 910 3521 loco
932 3455 995 3521 sint
1016 3454 1143 3537 pedum,
1174 3451 1277 3518 &dis-

191 3578 359 3645 tinctiones
380 3578 447 3645 loco
460 3598 617 3664 uersuum,
654 3585 765 3664 utpote
797 3582 861 3649 ista
881 3602 996 3650 neuma
1027 3582 1189 3666 dactylico,
1221 3581 1277 3648 illa

191 3728 267 3778 vero
289 3708 467 3789 spondaico!
488 3709 544 3776 illa
565 3711 698 3780 iambieo
721 3719 824 3782 metro
847 3717 1036 3796 decurreret,
1058 3715 1275 3788 turstinum-

192 3845 264 3895 nem
277 3844 360 3895 nunc
370 3830 587 3895 tetrametram
611 3848 693 3898 nunc
714 3834 954 3918 pentametram,
977 3832 1054 3898 alias
1075 3831 1167 3919 quasi
1183 3827 1275 3898 hexa-
