2782 4250
618 253 829 315 -aa-

169 435 302 496 metram
316 447 434 510 cernes,
459 431 601 496 &multa
615 431 691 519 alia,
714 435 749 494 ut
771 429 903 496 elevatio
927 427 1087 510 depositio
1109 431 1174 490 turn
1185 427 1256 506 ipsa

169 561 238 638 sibi,
272 564 340 626 tum
372 559 473 625 altera
505 561 597 626 alteri
620 564 729 628 similis
762 563 809 627 vel
841 558 1001 624 dissimilis
1032 563 1252 637 praeponatur,

169 680 376 775 supponatur,
398 700 586 774 apponatur,
608 697 837 777 interponatur,
861 691 1153 766 aliasconiunetim,
1177 691 1255 754 alias

171 824 280 903 divise,
303 823 381 888 alias
404 826 592 894 commixtim
608 829 648 893 ad
670 829 751 892 huno
769 825 932 902 modums).
965 821 978 884 i
998 841 1047 886 em
1062 826 1097 885 ut
1112 821 1143 885 in
1159 841 1256 885 unum

171 957 382 1023 terminentur
404 965 513 1040 partes
536 960 801 1025 &distinctiones
823 967 1004 1022 neumarum
1029 961 1124 1036 atque
1147 957 1269 1019 verto.

169 1109 249 1172 rum,
270 1110 329 1158 nee
351 1096 441 1158 tenor
462 1093 574 1173 longus
596 1095 628 1158 in
651 1097 837 1176 quibusdam
860 1095 1007 1164 brevibus
1030 1095 1170 1176 syllabis,
1202 1099 1259 1158 aut

169 1220 275 1286 brevis
307 1223 340 1286 in
372 1221 473 1303 longis
508 1223 560 1302 sit,
597 1225 670 1304 quia
707 1227 951 1291 obscoenitatem
985 1227 1077 1306 parit,
1105 1226 1188 1304 quod
1212 1229 1258 1288 ta-

171 1366 243 1413 men
264 1365 336 1413 raro
371 1366 451 1428 opus
474 1352 533 1414 erit
557 1370 675 1417 curare.
731 1355 809 1418 Item
840 1359 876 1418 ut
910 1373 1012 1418 rerum
1047 1357 1179 1417 eventus
1213 1354 1258 1418 sic

173 1480 328 1546 cantionis
348 1480 491 1545 imitetur
514 1483 653 1565 effectus,
676 1491 711 1550 nt
733 1488 766 1550 in
788 1487 930 1551 tristibus
952 1487 1045 1552 rebus
1058 1506 1170 1568 graves
1194 1489 1258 1554 sint

172 1629 312 1694 neumae,
334 1611 367 1677 in
389 1613 583 1696 tranquillis,
598 1616 692 1680 rebus
715 1618 913 1698 iucundae2),
935 1619 967 1682 in
989 1620 1151 1700 prosperis
1173 1619 1258 1683 exul-

174 1751 281 1813 tantes
303 1748 500 1832 &reliquae
556 1750 632 1814 Item
654 1769 749 1850 saepe
771 1752 899 1817 vocibus
933 1772 1060 1842 gravem
1084 1755 1109 1819 dr
1130 1761 1258 1821 acutum

176 1889 338 1952 accentum
360 1887 610 1967 superponimus
633 1888 707 1968 quia
728 1907 821 1969 saepe
843 1894 878 1954 ut
894 1892 1005 1956 maiori
1017 1893 1153 1973 impulsu
1165 1913 1257 1974 quas·

178 2014 259 2097 dam,
283 2017 330 2080 ita
351 2015 448 2079 etiam
470 2016 583 2081 minori
616 2017 787 2082 efferimus:
822 2019 899 2084 adeo
935 2025 970 2084 ut
1003 2022 1142 2087 eiusdem
1166 2041 1261 2106 saepe

180 2139 263 2207 vocis
284 2141 431 2222 repetitio
455 2139 588 2206 elevatio
611 2141 660 2207 vel
683 2143 838 2222 depositio
872 2163 941 2209 esse
971 2148 1123 2212 videatur.
1183 2150 1262 2215 item

178 2272 214 2333 ut
234 2271 267 2334 in
289 2268 416 2333 modurn
439 2269 592 2333 currentis
616 2271 686 2350 equi
722 2287 846 2350 semper
879 2271 912 2334 in
933 2269 993 2334 fine
1026 2272 1264 2338 distinctionum

179 2409 283 2474 rarius
305 2426 398 2474 voces
420 2411 458 2480 ad
480 2406 581 2470 locum
604 2406 820 2488 respirationis
842 2406 1000 2486 accedant,
1024 2411 1059 2469 ut
1073 2407 1162 2488 quasi
1175 2409 1265 2489 gravi

180 2562 267 2608 more
289 2543 329 2609 ad
361 2542 595 2624 repausandum
625 2542 728 2606 lassae
750 2541 942 2622 perveniant.
998 2541 1126 2621 Spissim
1160 2548 1265 2607 eutem

182 2659 313 2738 durare,
347 2662 445 2739 prout
468 2663 603 2739 oportet,
640 2662 733 2723 notae
756 2657 948 2737 compositae
973 2654 1067 2719 huius
1103 2676 1198 2738 saepe
1221 2661 1266 2723 rei

181 2777 332 2856 poterunt
353 2772 502 2836 indicium
525 2773 609 2840 dare.
667 2772 855 2854 Liqueseunt
889 2792 961 2838 vero
990 2774 1022 2836 in
1044 2775 1152 2838 multis
1174 2794 1267 2840 voces

182 2908 271 2955 more
293 2890 479 2971 litterarum,
511 2889 556 2954 ita
577 2895 613 2953 ut
634 2890 777 2968 inceptus
810 2889 919 2952 modus
952 2889 1043 2951 unius
1072 2889 1111 2952 ad
1133 2889 1267 2954 alteram

184 3003 314 3085 limpide
335 3004 494 3068 transiens
517 3023 575 3068 nec
596 3003 679 3067 finiri
711 3000 893 3078 videatur·³).
949 3001 1048 3064 Porro
1082 3001 1269 3082 liquescenti

186 3119 255 3184 voci
277 3123 428 3202 punctum
450 3119 540 3200 quasi
562 3117 747 3182 maculando
771 3118 1011 3198 superponimus
1033 3118 1091 3182 hoo
1114 3119 1220 3184 modo:

372 3233 374 3237 '
586 3235 608 3284 G
643 3233 692 3286 DE
727 3233 767 3286 Ga
800 3248 816 3286 a
850 3237 873 3285 G
1164 3238 1166 3243 '

584 3335 639 3398 Ad
661 3348 687 3399 te
730 3343 756 3397 le
798 3361 835 3398 oo
857 3336 913 3415 oi⁴)

257 3485 277 3552 ¹)
293 3485 351 3539 iias
368 3486 460 3550 mutere
477 3483 585 3548 biertttrr
604 3482 693 3544 enituit
709 3484 757 3535 tos
773 3481 883 3547 trigonoe
901 3481 1003 3542 ueniret.
1041 3477 1102 3530 cod.
1122 3479 1203 3533 14663
1222 3482 1271 3543 tiri

188 3552 318 3618 tattaeus:
347 3557 390 3614 „et
407 3549 492 3604 multa
509 3549 564 3626 alia
581 3549 614 3602 ad
634 3549 704 3624 h¹¹¹.¹⁰.
721 3547 843 3600 modum*
870 3548 917 3601 mit
934 3547 1104 3611 ueneranda
1124 3549 1165 3599 tes
1183 3549 1272 3613 noemi·

188 3621 248 3688 Μ
259 3615 609 3748 ἧαῗῖἓδῖῗαξξηῗῗῗῑέἃῖῗυὲἓ
621 3622 772 3748 ffiiffiass‘
783 3615 893 3744 'iiiia
911 3677 974 3731 coo.
995 3677 1086 3732 areca.

258 3751 280 3818 ³)
296 3752 348 3805 ider
367 3750 438 3806 &ton
456 3749 483 3808 ur
502 3749 566 3813 tropi
584 3750 632 3809 ner,
650 3763 708 3800 arun
726 3747 777 3809 tolie
796 3750 855 3810 otae
873 3760 949 3799 neura
971 3742 1050 3808 tinius
1068 3747 1113 3795 orn
1132 3740 1199 3796 rtem
1214 3742 1272 3797 sor

190 3819 234 3884 cui
250 3820 295 3873 tra
313 3819 403 3870 unbem
421 3815 444 3874 tr
464 3817 515 3880 rao
532 3815 675 3878 corrutone
694 3815 771 3878 lottrn,
791 3813 837 3874 not
855 3827 914 3865 mon
931 3811 1000 3863 fuum
1030 3810 1137 3866 hemrrtt,
1166 3809 1213 3866 boi
1232 3812 1272 3861 ter

191 3887 245 3952 erte
264 3885 321 3942 don
339 3881 450 3952 uariatior
467 3881 505 3947 td,
533 3884 572 3940 oa
589 3884 698 3950 trauan
716 3880 888 3950 iortruttroprn
910 3881 959 3932 uuo
979 3879 1035 3941 nort
1053 3877 1112 3941 utut
1130 3877 1224 3930 territet
1244 3891 1272 3948 pr
