2768 4246
599 145 842 212 ¹-1s-

207 325 403 392 obscuritate
423 324 584 407 perplexa,
604 324 696 390 adest
717 342 800 391 nuno
815 322 912 390 etiem
926 322 945 390 ¹l
977 326 1085 407 pueris
1099 322 1241 396 breviter
1254 345 1292 396 ac

115 459 118 466 ·
206 429 386 512 plenissime
408 423 594 511 explieata’l
630 463 670 474 -

696 548 794 559 W

586 626 761 727 Caput
784 565 901 709 111.
981 722 987 732 ι

373 775 423 841 De
438 773 667 860 dispositione
689 789 805 839 earum
826 770 864 838 in
885 772 1121 842 monochordo.

290 989 318 1047 Γ
333 985 442 1066 itaque
472 983 615 1066 inprimis
644 980 740 1047 affixa
765 982 804 1048 ab
834 999 871 1047 ea
897 1000 999 1065 usque
1027 984 1068 1049 ad
1096 984 1188 1051 finem
1217 986 1289 1052 suh·

201 1105 321 1187 jectum
344 1102 479 1168 chordae
509 1102 648 1183 spatium
670 1119 727 1198 per
759 1118 871 1164 novem
899 1101 1019 1181 partire
1048 1105 1081 1166 et
1101 1101 1134 1167 in
1155 1105 1290 1171 termino

203 1223 325 1304 primae
339 1239 440 1286 nonae
460 1219 563 1302 partis
587 1219 613 1282 A
634 1218 772 1283 litteram
797 1236 888 1300 pone,
914 1235 1016 1300 aqua
1038 1237 1147 1284 omnes
1169 1220 1290 1304 antiqui

204 1333 308 1399 fecere
328 1330 529 1414 priucipium.
563 1328 643 1412 ltem
666 1329 706 1392 ab
730 1329 755 1392 A
777 1329 921 1395 adfinem
943 1348 1026 1396 noua
1042 1329 1174 1396 collecta
1187 1335 1290 1414 parte,

206 1449 316 1514 eodem
337 1447 475 1512 modoB
503 1443 643 1508 litteram
661 1443 766 1525 jumge.
789 1442 865 1508 Post
890 1443 968 1508 haee
1009 1446 1050 1510 ad
1072 1448 1102 1505 Γ
1127 1450 1290 1514 revertens

205 1579 246 1645 ad
267 1578 359 1644 finem
380 1592 481 1656 usque
502 1574 614 1638 metire
628 1591 686 1654 per
699 1577 755 1635 llll
783 1579 815 1640 et
834 1575 865 1639 in
883 1576 1006 1658 primae
1033 1577 1135 1659 partis
1156 1581 1290 1647 termino

204 1695 346 1761 invenies
368 1688 406 1759 Ο.
435 1690 618 1771 Eademque
647 1689 800 1756 divisione
835 1711 891 1774 per
917 1696 970 1754 llll
1000 1694 1082 1760 sieut
1103 1712 1172 1760 oum
1195 1699 1225 1756 Γ
1245 1695 1290 1762 in.

206 1815 336 1876 ventum
359 1811 408 1872 est
430 1805 463 1886 O,
486 1805 580 1870 simili
602 1805 694 1870 modo
716 1822 773 1886 per
795 1805 936 1872 ordinem
959 1825 1027 1873 eum·
1044 1809 1073 1872 A
1089 1807 1229 1874 invenies
1252 1811 1291 1893 D,

206 1905 326 1989 cum'B
360 1919 500 1984 invenies
523 1919 566 1998 Ε;
603 1923 636 1982 et
658 1936 729 1981 eum
751 1917 776 1982 O
797 1917 938 1982 invenies
962 1918 1006 2000 F;
1039 1922 1162 1984 etcum
1185 1919 1214 1984 D
1244 1921 1291 1986 in·

204 2041 312 2105 uenies
335 2037 380 2118 G3
404 2042 436 2101 et
459 2035 572 2100 oumE
595 2036 736 2102 invenies
757 2035 785 2101 A
806 2043 932 2104 acutum
957 2039 988 2119 ⁴),
1010 2047 1043 2106 et
1065 2059 1133 2106 eum
1159 2041 1290 2110 Finve·

135 2213 138 2218 .
204 2154 273 2218 nies
293 2152 314 2218 b
335 2150 503 2216 rotundam
525 2149 555 2216 ⁶).
587 2150 673 2228 Quae
696 2166 770 2212 vero
794 2153 978 2230 sequuntur,
1009 2151 1156 2216 similium
1181 2157 1212 2218 et
1240 2172 1289 2220 ea·
1368 2137 1371 2206 ε’

204 2268 337 2336 rundem
359 2281 467 2330 omnes
500 2281 558 2344 per
593 2264 735 2328 ordinem
757 2262 944 2327 medietates
971 2261 1063 2349 faoile
1084 2266 1284 2351 colliguntur,
1370 2323 1371 2326 ,

284 2445 303 2508 ¹)
321 2439 382 2496 oon.
400 2439 447 2495 rat.
464 2437 544 2494 soar:
563 2436 669 2504 etjam.
1281 2396 1283 2400 ’
1370 2407 1371 2470 l

283 2538 303 2606 ¹)
320 2535 383 2592 (lod.
402 2534 447 2589 lat.
465 2535 547 2588 9921:
566 2531 716 2600 explanata.

280 2649 300 2716 ⁸)
314 2649 368 2704 Atra
383 2647 474 2715 Sabell
490 2649 532 2700 tes
550 2644 645 2711 amita
662 2645 682 2696 ll
700 2645 857 2712 tabellionis
874 2647 918 2699 teu
930 2643 1053 2710 „regulae
1063 2643 1243 2712 rhythmicae*
1257 2646 1284 2700 in

198 2735 325 2802 lolqeuteu
342 2731 432 2798 datlen
450 2728 648 2796 austeraque:

335 2829 414 2884 Notis
432 2844 494 2896 ergo
512 2827 567 2880 illis
585 2827 689 2895 spretis,
708 2827 804 2894 quibus
822 2827 916 2894 vulgus
935 2827 1026 2892 utitur,

334 2910 410 2980 Quod
427 2911 485 2965 sine
503 2909 612 2964 ductore
630 2926 767 2978 nusquam,
786 2915 816 2964 ut
833 2925 935 2977 caecus,
956 2909 1133 2978 progreditur,

335 2993 443 3059 septem
461 2990 526 3044 istas
544 2990 615 3046 disee
632 2997 708 3045 notas
725 2997 827 3059 septem
845 2990 1053 3047 characteribus.

194 3082 225 3132 ut
242 3091 271 3131 re
288 3075 403 3129 milaut
419 3073 494 3130 solre
512 3073 582 3128 lami
599 3073 627 3128 fa
644 3073 724 3128 solut
1265 3100 1282 3138 a

196 3153 1281 3220 nnssunuseaucdetga

763 3236 825 3290 lare
842 3235 878 3289 mi
895 3235 959 3288 faut
976 3232 1015 3287 sol
1023 3248 1052 3288 re
1069 3234 1137 3289 mila
1153 3233 1181 3289 fa
1197 3233 1237 3290 sol
1254 3234 1281 3289 la
1367 3255 1368 3260 ¹

334 3343 458 3410 Namque
475 3341 546 3396 aliae
563 3346 701 3409 septenae,
719 3355 788 3410 quae
805 3345 955 3408 sequuntur
971 3343 1073 3406 postea,

334 3423 395 3479 Non
413 3428 475 3477 sunt
491 3423 569 3489 aliae,
586 3422 633 3477 sed
650 3437 704 3477 una
721 3422 884 3490 replicantur
901 3419 1001 3487 regula.

333 3505 402 3574 Quia
421 3521 522 3572 vocum,
540 3509 571 3558 ut
582 3503 692 3572 dierum,
710 3519 795 3572 aeque
813 3503 844 3558 fit
856 3501 1031 3558 hebdomade.

335 3589 406 3656 Ques
426 3589 457 3652 si,
475 3590 545 3644 sicut
562 3589 714 3656 audiuntur,
733 3590 773 3643 vis
790 3589 881 3644 videre
898 3587 990 3651 oeulis,

335 3673 388 3728 Ore
406 3675 515 3729 interim
533 3675 629 3730 silente
647 3675 778 3730 manualis
796 3676 885 3743 operis

333 3756 530 3824 Argumentum
546 3753 595 3810 fiat
611 3758 692 3812 certis
709 3756 855 3812 diffinitum
871 3757 997 3814 numeris.
