2782 4250
645 213 833 276 ..70-

572 421 747 522 Caput
773 426 910 504 ΧΠ.

351 583 401 648 Da
423 580 594 653 divisione
618 589 766 674 quatuor
787 591 961 660 modorum
984 594 1021 660 irr
1043 597 1133 662 uate.

272 809 399 874 Interea
421 828 492 880 curu
515 814 627 876 cantus
650 813 744 877 unius
767 813 861 895 modi,
883 819 994 897 utpote
1015 817 1110 898 proti,
1136 815 1177 880 ad
1199 833 1283 882 coru·

188 943 385 1022 parationem
406 942 478 1009 finis
499 946 563 1013 turn
586 942 651 1008 sint
671 960 783 1024 graves
798 945 958 1028 aptari),
981 950 1047 1011 turrr
1070 944 1156 1012 acuti
1171 947 1195 1016 de
1212 946 1282 1022 alti,
1382 917 1385 938 ⁵

190 1095 302 1144 versus
324 1079 351 1145 dr
372 1077 494 1161 psalmi,
521 1077 547 1142 u
568 1077 684 1160 siquid,
709 1081 745 1142 ut
766 1079 910 1161 diximus,
931 1078 986 1144 fini
1007 1078 1179 1160 aptandum
1202 1086 1281 1158 erat,

190 1234 252 1281 uno
276 1217 451 1299 eademque
472 1215 564 1282 modo
586 1191 756 1300 prolatura
778 1215 910 1282 diversis
932 1216 1036 1298 aptari
1058 1235 1121 1281 narr
1144 1222 1279 1298 poterat.

189 1347 282 1426 Quod
317 1349 401 1414 eninr
438 1349 700 1431 subiungebatur,
747 1348 773 1414 si
808 1353 878 1414 erat
912 1367 1018 1430 graues
1069 1367 1135 1414 cum
1179 1352 1281 1416 acutis

176 1481 250 1546 'uon
273 1479 489 1560 conveniebat,
533 1481 558 1545 ai
590 1483 658 1546 erat
690 1483 836 1563 acutum,
879 1481 1071 1563 agraribus
1114 1481 1275 1548 discorda·
1383 1469 1389 1491 ⁴

186 1611 250 1678 bat.
308 1609 485 1678 Consilium
517 1613 624 1694 itaque
645 1609 715 1688 fuit,
747 1613 783 1675 ut
805 1611 937 1692 quisque
959 1611 1068 1676 modus
1097 1611 1278 1693 partiretur

189 1741 221 1807 iu
265 1742 361 1823 duaa,
408 1741 441 1807 id
488 1745 554 1824 est,
602 1745 729 1807 acutum
776 1739 802 1805 dr
839 1722 985 1821 grauem,
1037 1739 1278 1822 distributisque

191 1873 310 1957 regulis
344 1877 439 1938 acuta
462 1890 533 1939 cum
566 1871 677 1953 acutia,
713 1869 869 1953 &gravia
892 1869 1096 1935 convenirent
1118 1871 1278 1954 gravibus¹

189 2010 348 2088 &acutus
371 2009 505 2092 quisque
526 2009 638 2076 modus
660 2009 819 2075 diceretur
835 2007 1020 2088 autenticua
1043 2006 1076 2073 id
1099 2011 1278 2085 est,aueta·
1388 2046 1390 2052 ·

188 2136 264 2203 ralis
286 2137 312 2203 dr
332 2138 497 2222 princeps;
533 2139 644 2220 gravis
681 2140 789 2201 autern
824 2133 920 2215 plaga
952 2137 1126 2214 uocaretur,
1162 2133 1195 2198 id
1218 2141 1277 2214 est,

188 2253 328 2370 lateralis
349 2283 376 2348 dr
396 2282 509 2352 minor.
554 2281 614 2360 Qui
636 2280 719 2346 enim
742 2278 857 2344 dicitur
879 2286 964 2343 stare
986 2279 1028 2342 ad
1055 2277 1141 2344 latus
1163 2299 1278 2363 meum,

187 2417 291 2484 minor
312 2437 363 2486 me
385 2423 441 2496 est,
464 2424 622 2494 caeterum
645 2418 672 2485 si
694 2420 779 2482 esset
800 2415 911 2496 maiar,
937 2433 994 2496 ego
1024 2416 1129 2498 aptius
1151 2418 1277 2485 dicerer

187 2559 273 2622 stare
293 2540 334 2622 ad
356 2557 438 2622 latus
461 2558 538 2622 eius.
582 2552 664 2621 Cum
687 2571 762 2635 erga
785 2552 907 2618 dicutur
934 2553 1082 2616 autentus
1112 2557 1225 2634 protus
1248 2555 1276 2620 dr

186 2683 289 2766 plagis
309 2684 404 2766 proti,
425 2686 572 2752 similiter
593 2686 632 2751 de
654 2683 792 2766 reliquia,
814 2687 867 2765 qui
889 2680 1079 2746 naturaliter
1099 2682 1130 2747 in
1147 2685 1276 2750 vocibus

187 2818 280 2879 erant
300 2819 435 2898 quatuor
457 2815 558 2896 dirisi,
595 2817 624 2882 in
649 2815 794 2880 cantibus
815 2813 890 2879 faeti
914 2817 987 2878 suut
1009 2819 1091 2882 ueto.
1151 2817 1275 2882 Abusia

186 2946 294 3008 autem
317 2943 451 3010 tradidit
485 2944 592 3010 latinis
615 2945 722 3011 dicere
756 2964 814 3028 pro
848 2949 976 3012 autento
1009 2951 1102 3028 proto
1124 2947 1150 3013 da
1172 2948 1275 3030 plagis

187 3069 273 3160 prati
305 3069 473 3153 primus&
508 3073 673 3154 secundus,
708 3090 766 3156 pro
797 3076 928 3138 autento
964 3072 1097 3137 deutero
1127 3071 1277 3155 &plagis

187 3199 309 3266 deuteri
331 3201 445 3267 tertius
467 3201 493 3267 dr
512 3207 652 3284 quartus,
688 3222 746 3285 pro
783 3207 916 3268 autento
939 3204 1010 3268 triti
1035 3202 1059 3271 ia
1081 3200 1185 3285 plagis
1207 3204 1277 3269 triti
1306 3215 1309 3220 ·

190 3337 319 3418 quintus
341 3339 367 3405 d
389 3343 507 3411 sextus,
537 3358 595 3421 pru
628 3343 759 3405 autento
800 3339 943 3405 tetrardo
968 3341 995 3404 dr
1017 3340 1119 3422 plagis
1142 3341 1277 3405 tetrardi

187 3473 338 3555 septimus
364 3475 390 3535 u
411 3478 539 3542 octavus
548 3476 584 3560 2).

256 3670 275 3737 ¹)
292 3670 316 3724 t.
333 3671 355 3737 i.
382 3671 420 3725 rin
438 3671 512 3737 {trit
536 3675 578 3728 ter
603 3671 711 3742 &uiduae
737 3675 808 3743 arten
835 3677 881 3732 urit
907 3677 969 3742 ittet
987 3675 1098 3734 wileria
1131 3677 1200 3730 uniar
1228 3679 1276 3731 terr

185 3753 315 3809 ittuntur
332 3753 445 3820 ittuntur
463 3755 525 3822 (tiri)
545 3758 593 3810 unt
612 3757 735 3822 rutierrar
752 3759 791 3825 fida
808 3759 942 3824 uberhaupt
959 3758 1021 3822 uidi
1039 3757 1095 3812 urii
1113 3759 1271 3824 tentemini·

184 3839 229 3893 bru
247 3835 432 3906 (riridmdiiss),
450 3839 557 3908 ituraea
574 3841 614 3908 iia
631 3855 676 3897 um
693 3843 812 3910 truiritrrr
828 3846 920 3911 irtam.
939 3872 970 3883 -
