2768 4246
598 139 784 202 ..22-

107 289 113 302 ’
149 305 298 389 scrupulo
321 313 497 391 caperetur.
554 312 749 382 Praesertim
782 321 916 385 sumsit
947 325 1058 388 tantae
1079 323 1257 408 utilitatis,

150 441 186 502 ut
208 442 240 530 et
261 437 351 505 latile
373 442 568 525 intelligatur
601 452 633 512 et
660 453 697 512 ut
718 437 880 516 intellecta
901 451 953 517 vix
975 451 1188 520 obliviscatur.
1217 456 1244 539 ¹)

151 571 240 638 Alius
263 573 424 644 dividendi
456 579 568 646 modus
592 583 743 666 sequitur,
778 586 832 666 qui
856 589 917 652 etsi
939 589 1041 654 minus
1067 592 1245 657 memoriae

151 711 343 796 adjungitur,
379 733 416 781 eo
444 720 551 782 tamen
573 719 819 786 monochordum
834 721 866 803 ²)
899 724 1055 789 velociore
1077 725 1247 794 eeleritate

105 932 107 936 Ι
151 851 358 934 componitur,
380 852 439 917 hoc
460 854 573 920 modo:
611 873 681 918 eum
704 854 839 934 primurn
862 871 881 916 a
902 857 932 914 Γ
948 856 989 920 ad
1011 854 1103 922 finem
1125 877 1247 938 passus

151 1003 265 1050 novem
274 986 311 1068 ⁸),
332 988 366 1053 id
388 993 444 1068 est,
467 989 640 1070 particulas
662 987 770 1068 facies,
793 989 914 1069 primus
928 1006 1040 1069 passus
1061 991 1248 1056 terminabi-

152 1113 240 1197 turb
263 1116 296 1180 in
318 1116 358 1189 A;
391 1117 546 1182 secundus
574 1123 684 1183 vacat:
707 1117 822 1182 tertius
850 1116 883 1181 in
905 1117 941 1198 D,
974 1121 1106 1198 quartus
1124 1125 1257 1196 ¹vacate

153 1251 287 1331 quintus
319 1251 352 1316 in
375 1270 402 1331 a,
425 1255 532 1316 sextus
554 1252 587 1316 in
609 1251 640 1330 d,
663 1253 819 1332 septimus
844 1253 877 1318 in
894 1231 921 1358 ζ’
965 1254 1078 1335 reliqui
1118 1267 1247 1327 vacant.
1275 1239 1278 1245 ’

152 1387 227 1454 ltem
252 1407 322 1454 eum
345 1391 384 1454 ab
406 1391 434 1452 A
456 1409 555 1471 usque
571 1389 595 1470 ⁴)
630 1391 672 1454 ad
693 1391 787 1455 finem
821 1390 951 1455 novenis
973 1394 1118 1473 passibus
1141 1401 1243 1478 parti·
1265 1481 1280 1486 ,-

153 1523 207 1604 ris,
238 1527 361 1605 primus
392 1542 505 1606 passus
538 1525 763 1590 terminabitur
781 1524 807 1606 5)
828 1524 862 1588 in
883 1525 918 1604 B,
954 1528 1110 1594 secundus
1134 1539 1249 1600 vacat:

114 1630 125 1646 ²
155 1649 272 1721 tertius
294 1655 327 1720 in
347 1655 386 1731 Ε,
410 1659 543 1738 quartus
567 1658 674 1720 vaeat:
697 1657 825 1734 quintus
845 1651 878 1716 in
895 1641 921 1733 l,
944 1657 1050 1720 sentus
1072 1655 1154 1740 ine,
1177 1668 1254 1742 sep·

156 1831 255 1896 timus
277 1831 310 1895 in
327 1785 487 1962 gueliqui
509 1841 630 1900 vacant.
668 1795 743 1898 ltem
766 1852 836 1898 cum
852 1852 870 1897 a
885 1837 916 1894 Γ
932 1834 973 1898 ad
1003 1834 1095 1900 finem
1120 1843 1249 1918 quater·
1274 1878 1276 1882 ι

156 2006 207 2072 uis
230 2004 354 2086 dividis,
385 2006 505 2085 primus
527 2021 641 2085 passus
663 2004 885 2068 terminabitur
928 2004 959 2084 ⁵),
973 2004 1006 2068 in
1028 2005 1074 2084 O,
1087 2008 1249 2076 secundus

157 2156 189 2215 in
212 2150 249 2231 G,
272 2151 386 2215 tertius
409 2149 443 2214 iu
465 2168 493 2230 g,
521 2152 653 2228 qrvartus
676 2145 753 2210 finit.
810 2145 857 2208 Ab
881 2131 967 2224 ⁶)‘O
991 2162 1065 2209 vero
1087 2147 1128 2209 ad
1150 2147 1248 2216 finem

158 2285 305 2352 similiter
327 2287 463 2366 quatuor
479 2299 642 2364 passuum,
664 2278 788 2360 primus
810 2274 1032 2339 terminabitur
1059 2274 1082 2352 5)
1106 2275 1137 2338 in
1154 2276 1192 2351 Ε,
1213 2278 1249 2362 7)

160 2463 318 2530 secundus
350 2463 385 2526 in
407 2481 432 2544 e,
457 2461 572 2526 tertius
596 2462 629 2525 in
653 2433 822 2579 {quartus
843 2449 921 2516 finit.
965 2448 1012 2514 Ab
1037 2447 1060 2510 F
1082 2471 1157 2518 vero
1174 2474 1251 2538 qua,

159 2645 323 2705 ternorum
350 2653 501 2718 passuum
522 2633 640 2714 primus
663 2625 883 2694 terminabitur
912 2621 975 2686 inb
999 2623 1176 2699 rotundum,
1206 2647 1252 2692 se.

161 2736 281 2836 cundus
314 2767 391 2848 inf,
425 2766 538 2830 tertius
560 2764 592 2826 in
616 2759 697 2837 οὓ).
757 2750 921 2820 Alvero
943 2751 1078 2816 rotunda
1112 2760 1250 2833 quatuor

164 2926 460 2940 ,ηρ-

231 3007 252 3071 ¹)
271 3003 333 3060 Ood.
352 3001 398 3056 lat.
416 3002 481 3056 9921
501 2997 575 3051 Mon.
602 2993 741 3047 Ottenbur.
758 2989 821 3056 ttelt:
847 2986 1008 3040 Praesertim
1033 3002 1092 3040 eum
1110 2991 1201 3046 tantae
1215 2978 1272 3046 'sit‘

162 3087 296 3153 utilitatis,
315 3091 346 3139 ut
361 3083 441 3138 facile
459 3078 628 3145 intelligatur
645 3081 673 3130 et
690 3071 828 3126 intellecta
846 3069 892 3122 vix
910 3067 1091 3121 obliviscatur.

230 3186 251 3252 ²)
270 3183 333 3237 Cod.
343 3181 389 3236 lat.
399 3182 480 3234 9921:
499 3178 551 3246 Qui
569 3177 591 3230 si
611 3180 638 3229 et
655 3171 799 3227 memoriae
819 3167 905 3221 minus
922 3165 1085 3232 adjungitur,
1114 3183 1146 3220 eo
1162 3173 1251 3226 tamen

163 3266 242 3321 modo
259 3261 466 3317 monochordum
484 3257 615 3313 velociore
634 3253 779 3332 eeleritate.
816 3289 821 3298 .
943 3288 948 3300 .

232 3364 254 3428 8)
274 3360 337 3414 cod.
355 3359 401 3414 lat.
420 3355 886 3418 99212'alfinemnovempassua
924 3387 930 3399 .
966 3386 971 3398 .
1007 3385 1013 3397 .

232 3467 254 3535 4)
271 3479 356 3532 usque
373 3463 432 3532 labb
454 3463 482 3517 bt
501 3461 563 3515 cod,
582 3460 628 3513 lat.
647 3459 722 3512 9921.

232 3561 255 3626 ι)
272 3557 335 3613 Ooll.
354 3558 400 3614 lat.
418 3560 483 3612 9921
502 3557 553 3623 lielt
571 3554 735 3610 terminabit·
772 3591 777 3600 .

233 3658 254 3724 6)
273 3657 296 3708 Α
316 3659 344 3708 c.
362 3671 425 3710 vero
443 3657 471 3710 in
489 3653 551 3710 Cod.
570 3655 615 3708 lat.
634 3652 708 3706 9921·

234 3763 257 3828 ⁷)
276 3758 340 3816 (iod.
357 3761 403 3816 lat.
424 3761 487 3815 9921
506 3759 558 3824 Iieit
580 3756 632 3824 litet
649 3753 745 3821 tibba:
767 3745 924 3806 terminabit
939 3742 1007 3796 inl'.
1025 3741 1082 3795 aas
1095 3741 1150 3806 etita
1162 3742 1257 3826 bituri
