2782 4250
592 158 802 224 —104-

243 336 326 404 lllud
348 341 503 419 praeterea
524 337 605 404 scire
626 341 659 405 te
681 339 761 420 volo,
790 339 874 421 quod
902 339 935 404 in
956 357 1074 406 morem
1098 339 1170 421 puri
1191 357 1244 404 ar·
1365 415 1367 418 ¹

162 463 251 547 genti
273 463 375 530 omnis
396 469 507 531 cantus
529 485 592 548 quo
613 467 714 549 magis
736 469 883 550 usitatur,
905 487 941 534 eo
964 469 1064 551 magis
1076 469 1243 548 coloratur,

163 596 188 666 t
209 595 407 676 quodmodo
429 593 585 675 displicet,
616 611 673 676 per
695 610 787 658 usum
808 595 902 676 quasi
924 595 998 661 lima
1017 594 1150 677 politum
1171 612 1242 676 pos.
1367 621 1369 688 ζ

162 736 215 798 tea
247 727 454 808 collaudatur,
487 745 523 793 ac
555 744 612 810 pro
639 725 825 794 diuersitate
854 732 994 812 gentium
1017 749 1054 797 ac
1086 729 1245 797 mentium
1370 803 1371 808 ἵ

164 867 250 952 quod
269 865 343 931 huic
366 863 521 946 displicet,
553 863 594 928 ab
627 864 689 931 alio
710 865 919 947 amplectitur,
957 867 1089 933 &hunc
1111 866 1247 932 oblectat

164 1021 308 1085 consona,
329 1001 383 1068 ille
405 1001 505 1084 magis
527 1002 642 1084 probat
676 1003 813 1085 diversa
851 1005 913 1071 iste
933 1005 1198 1072 continuationem
1222 1004 1248 1068 ta

161 1130 324 1198 mollitiem
346 1130 517 1196 secundum
540 1147 606 1195 suae
630 1132 744 1197 mentis
768 1131 930 1200 lasciviam
952 1133 1082 1215 quaerit;
1113 1132 1175 1213 ille,
1198 1137 1246 1197 nt-

161 1261 237 1340 potc
257 1256 372 1338 gravis,
409 1256 521 1322 sobriis
554 1256 699 1322 cantibus
733 1243 940 1325 demulcetur.
984 1260 1077 1325 Alius
1106 1277 1182 1324 vero
1212 1264 1247 1323 ut

163 1399 272 1450 amens
287 1381 319 1447 in
340 1382 522 1464 compositis
551 1384 575 1452 t
608 1385 640 1448 in
661 1383 812 1451 anfractis
846 1385 1064 1453 vexationibus
1095 1384 1244 1468 pascitur,

165 1503 191 1570 a
221 1502 435 1585 unusquisque
470 1523 540 1570 eum
575 1509 700 1570 cantum
737 1505 881 1570 sonorius
922 1505 1019 1570 multo
1054 1503 1249 1586 pronuntiat,

167 1651 260 1716 quem
296 1634 468 1700 secundum
501 1653 568 1701 suae
599 1635 715 1701 mentis
750 1635 876 1702 insitam
909 1635 1093 1718 qualitatem
1125 1634 1250 1716 probat.

166 1763 243 1843 Qua
265 1765 370 1831 omnia
392 1765 419 1830 si
441 1764 534 1831 dictis
549 1765 743 1850 argumentis
764 1766 892 1832 assiduo
915 1765 1062 1832 exercitio
1077 1765 1250 1845 inhaeseris,

166 1899 312 1983 ignorare
344 1917 406 1965 non
438 1899 568 1982 poteris.
610 1903 707 1965 Immo
729 1900 973 1982 &argumentis
1006 1902 1155 1967 utendum
1192 1906 1251 1980 est,
1313 1925 1315 1933 ,

168 2037 268 2103 donec
289 2053 327 2100 ex
348 2040 440 2117 parte
459 2036 683 2118 cognoscimus,
705 2039 740 2100 ut
775 2036 816 2102 ad
848 2036 1075 2117 plenitudinem
1110 2035 1251 2102 scientim

168 2163 400 2248 perveniamus.
442 2163 505 2231 Sed
526 2164 600 2246 quia
623 2163 691 2229 haec
711 2165 744 2230 in
765 2166 892 2249 longum
918 2167 1067 2249 prosequi
1087 2165 1252 2248 proposita

168 2300 309 2368 brevitas
330 2317 392 2366 non
414 2297 565 2380 exposcit,
587 2298 761 2379 praesertim
794 2317 866 2364 cum
888 2317 926 2365 ex
956 2299 1005 2363 his
1028 2296 1178 2380 perplura
1200 2315 1253 2360 va·

169 2451 258 2519 leant
280 2451 391 2535 colligi,
415 2452 454 2518 de
476 2450 614 2518 canendo
637 2450 702 2514 ista
723 2449 889 2515 sufficiant.
936 2449 1001 2514 lam
1025 2465 1108 2512 nunc
1125 2445 1252 2522 diapho-

171 2600 232 2666 niae
252 2604 411 2684 praecepta
433 2580 624 2681 exacuamur
646 2595 794 2662 breuiter.

666 2765 762 2780 nav—w

520 2917 695 3017 Caput
720 2912 941 2992 xvlll.

340 3034 390 3101 lle
411 3033 672 3122 diaphoniam
693 3033 748 3098 est
769 3029 893 3114 organi
914 3028 1094 3114 precepto.

262 3222 437 3306 Diaphonia
465 3239 576 3288 vocum
599 3218 766 3286 disiunctio
785 3209 889 3289 sonat,
912 3227 1006 3292 quam
1027 3226 1085 3272 nos
1108 3223 1257 3288 organun

177 3352 330 3417 vocamus,
353 3353 423 3402 cum
457 3335 631 3400 disiunctae
663 3332 703 3396 ab
736 3329 866 3394 invicem
902 3340 995 3389 voces
1017 3324 1041 3392 d
1064 3315 1258 3382 concorditer

178 3448 352 3530 dissonant,
377 3450 403 3515 ta
425 3450 621 3516 dissonantes
643 3443 840 3510 concordant.
864 3441 933 3518 Qua
954 3439 1077 3520 quidem
1099 3436 1144 3498 ita
1166 3435 1257 3495 utun·

177 3571 238 3644 tur,
259 3566 295 3628 ut
306 3563 431 3628 canenti
453 3578 577 3643 semper
590 3558 831 3639 chordaquarte
853 3550 1009 3624 succedat,
1031 3551 1068 3613 ut
1089 3548 1130 3612 A.
1152 3543 1193 3610 ad
1210 3544 1258 3624 D,

179 3677 234 3742 ubi
255 3677 282 3742 si
304 3693 456 3758 organum
477 3693 534 3756 per
555 3677 683 3739 acutum
704 3692 733 3737 a.
755 3668 901 3751 duplices,
930 3662 1029 3730 nteit
1051 3662 1092 3729 D.
1114 3678 1153 3741 a,
1175 3676 1260 3722 reso·

179 3775 269 3841 nabit
291 3775 327 3838 Α.
363 3773 403 3839 ad
427 3775 464 3841 D.
497 3773 703 3853 diatessaron,
740 3771 780 3836 ad
802 3788 829 3834 a.
852 3765 1012 3847 diapason,
1047 3763 1084 3824 D.
1123 3777 1193 3825 vero
1217 3759 1258 3824 ad
