2768 4246
641 222 675 236 ..
716 194 754 262 ¹4
787 224 823 240 .-

189 366 369 456 Oupitulum
393 368 502 437 XVlll.
536 369 584 436 De
605 369 784 472 diddhdltio,
812 369 849 454 id
874 373 927 452 est
950 369 1058 452 organi
1088 372 1269 453 praecepto.
1330 458 1332 464 Ι

186 559 364 652 Capitulum
386 567 474 637 xlx.
503 569 621 637 wDictus
654 567 842 652 diaphoniae
862 587 920 652 por
941 567 1085 653 exemplu
1114 569 1268 652 protetio.

186 763 368 852 Capitulum
391 767 463 836 Xli'.
487 767 652 850 Quomodo
673 767 793 836 Musica
818 787 856 836 err
877 769 1060 837 malleorum
1083 770 1190 839 sonitu
1222 769 1269 839 sit

265 869 402 939 inventu.
481 925 484 952 ,

533 1125 842 1228 Capitulum
867 1129 917 1208 Ι.

181 1262 474 1387 unicissimum
495 1311 534 1362 se
556 1292 596 1361 cd
620 1292 839 1380 disciplinam
848 1293 1000 1363 llusiouc
1012 1295 1100 1381 ortis
1114 1303 1229 1385 purat.
1249 1302 1267 1371 ¹)

263 1515 361 1598 igitur
383 1513 437 1600 qui
457 1516 599 1580 nostrum
621 1510 818 1594 disciplinam
840 1511 930 1595 petit,
951 1511 1131 1597 aliquantos
1153 1523 1264 1588 centus

180 1661 296 1730 nostris
318 1658 401 1727 notis
414 1657 591 1741 descriptos
605 1655 757 1738 addiscat,
779 1656 812 1722 in
833 1657 1037 1740 monochordi
1062 1677 1122 1726 usu
1137 1679 1264 1729 menum

180 1814 344 1892 exercent,
375 1809 497 1891 hasque
524 1804 652 1889 regulas
691 1823 787 1888 saepe
822 1805 999 1890 meditetur,
1035 1807 1134 1875 donec
1164 1811 1196 1877 vi
1229 1817 1262 1879 et

178 1961 294 2021 nature
319 1968 430 2019 vocum
456 1931 596 2034 cognitu*
623 1949 751 2031 ignotos
789 1954 826 2016 ut
851 1954 941 2018 notos
979 1955 1090 2020 cantus
1119 1955 1261 2042 suaviter

177 2111 278 2176 cenet.
311 2105 374 2172 Sed
403 2103 478 2186 quie
507 2119 609 2184 uoces,
631 2117 712 2182 quae
732 2101 826 2186 hujus
847 2103 926 2170 entis
939 2103 1042 2186 primu
1064 2107 1260 2175 suntfundu·

175 2265 291 2343 mente,
313 2259 347 2326 in
366 2253 576 2324 monochordo
598 2251 711 2320 melius
732 2251 908 2335 intuemur;
939 2254 1095 2336 quomodo
1118 2275 1171 2324 eus
1202 2259 1260 2326 ibi·

174 2420 245 2487 dom
266 2433 319 2484 crs
339 2417 486 2483 naturum
506 2409 629 2477 imitatu
649 2405 808 2488 discrevit,
826 2403 847 2468 ’l
864 2405 1011 2488 primitus
1033 2406 1204 2477 videamus.

667 2547 765 2562 ΜΑΑΝ

580 2645 754 2748 caput
778 2646 861 2727 11.

331 2797 422 2887 Quae
443 2795 498 2862 rol
520 2793 639 2880 quoles
660 2792 734 2861 sint
754 2797 856 2863 notae
877 2795 931 2862 rel
954 2795 1059 2883 quoti
1076 2797 1096 2866 'l

663 2917 760 2925 ...au-—

254 3003 355 3072 Notus
376 3002 482 3065 cutem
504 2994 537 3060 in
558 2993 770 3060 monochordo
792 2993 852 3062 hae
874 3001 955 3062 sunt.
999 2997 1039 3064 In
1070 2994 1181 3080 primis
1201 3015 1256 3081 po·

167 3163 263 3226 netur
281 3159 490 3237 Fgrsccumu
504 3145 661 3214 modernis
683 3148 902 3234 udjmctum‘)
924 3147 1110 3232 Sequuntur
1131 3153 1254 3234 septem
1373 3195 1376 3224 .

201 3432 202 3435 ¹
238 3394 258 3462 ¹)
275 3393 338 3451 coo.
356 3393 403 3452 lut
431 3397 496 3450 9921
523 3395 596 3450 Mon.
616 3394 756 3450 Ottenhur.
782 3396 825 3464 lpot
841 3405 883 3452 nur
900 3397 989 3466 Caput
1005 3397 1018 3452 l
1034 3396 1074 3454 iic
1090 3397 1254 3467 llelrtldprilt:

167 3475 266 3544 Incipit
281 3475 441 3545 micrologus
457 3475 595 3530 (luidonis.
623 3474 673 3532 mie
689 3475 843 3544 Uchcrldptiit
858 3489 887 3543 pu
899 3476 985 3546 Caput
996 3477 1086 3546 Iirltit
1097 3479 1172 3534 qutrt
1186 3480 1252 3533 tort:
1347 3499 1349 3502 ·

173 3555 243 3626 Quid
259 3554 349 3623 iaciat,
363 3556 409 3625 qui
425 3571 454 3612 se
472 3554 506 3610 ud
524 3555 642 3611 musicae
659 3554 828 3624 disciplinam
845 3563 931 3625 paret.

240 3637 261 3704 ⁹)
281 3635 344 3692 cod.
362 3635 408 3690 lut.
426 3637 491 3691 9921
508 3635 558 3702 licit
576 3635 789 3703 „Discreverit“.
807 3669 838 3678 -

112 3721 116 3730 '
237 3724 258 3788 ⁸)
274 3721 327 3780 dict
343 3724 420 3790 dotes
437 3732 483 3778 unu
502 3723 610 3780 dumont
626 3723 678 3792 licit
695 3724 751 3793 oud
768 3725 809 3780 ter
826 3723 976 3790 usmetum
993 3721 1121 3778 detrudi:
1141 3718 1188 3787 „de
1204 3734 1253 3775 nu·

166 3824 242 3869 mero
257 3814 288 3866 ct
305 3798 469 3863 dimensione
485 3807 633 3873 notorum,
652 3807 742 3875 ,urbm
757 3805 821 3875 Sulpi
837 3807 888 3862 uut
905 3803 970 3870 ilici
987 3808 1027 3858 mr
1043 3801 1133 3858 tine*
