2768 4246
623 233 807 295 ...a-

175 409 381 480 sacerdotum
403 429 441 480 ac
461 412 643 498 praesulum
664 413 858 526 dignissimo,
874 384 978 479 (luido
1000 428 1127 477 suorum
1153 426 1257 476 mona·

176 533 305 602 eborum
326 535 448 604 utinam
468 537 624 622 minimus,
647 536 800 620 quidquid
822 555 933 605 servus
963 541 994 604 et
1013 535 1107 602 filius.

259 657 345 726 Dum
373 659 535 730 solitariae
562 663 647 730 vitae
675 661 788 728 saltem
817 661 971 729 modicam
999 659 1128 742 exsequi
1166 659 1257 742 cupio

176 805 395 910 quantitatem,
410 809 536 874 vestrae
546 805 751 889 benignitatis
772 805 913 889 dignatio
934 805 976 872 ad
993 803 1176 872 sacriverbi
1191 807 1256 869 stu-

176 949 262 1016 dium
274 967 377 1016 meam
400 915 462 1015 sibi
483 948 597 1018 sociari
619 948 719 1016 voluit
739 950 944 1033 parvitatem:
965 967 1028 1016 non
1049 948 1133 1032 quod
1154 945 1258 1013 desint

178 1091 303 1158 vestrae
324 1089 528 1160 excellentiae
548 1087 640 1156 multi
657 1088 783 1157 maximi
805 1089 963 1174 spiritales
978 1089 1038 1158 viri
1054 1094 1086 1157 et
1103 1089 1257 1155 virtutum

175 1229 339 1299 attactibus
361 1229 630 1300 abundantissime
650 1227 801 1312 roborati,
822 1232 855 1295 et
868 1229 1043 1313 sapientiae
1056 1230 1171 1297 studiis
1192 1228 1257 1311 ple·

175 1375 306 1443 nissime
326 1375 481 1460 edomati,
502 1377 555 1460 qui
584 1379 617 1442 et
638 1375 836 1442 commissam
856 1374 980 1458 plebem
1007 1393 1068 1441 una
1082 1383 1085 1387 ’
1098 1374 1257 1443 vobiscum

176 1518 393 1598 competenter
407 1513 554 1582 emdiaut
574 1519 608 1581 ct
629 1514 762 1584 Divinae
783 1513 1041 1597 contemplationi
1067 1511 1196 1581 assidue
1225 1520 1258 1582 et

175 1645 357 1731 frequentor
377 1646 578 1716 inhaereant:
606 1647 662 1713 sed
684 1652 721 1713 ut
742 1665 830 1715 meae
851 1646 1019 1730 parvitatis
1043 1652 1076 1713 et
1096 1645 1210 1714 mentis
1227 1653 1261 1716 ot

177 1789 315 1874 corporis
334 1785 534 1858 imbecillitas
556 1787 707 1853 miserata
728 1787 818 1854 vobis
848 1792 973 1856 vestm
998 1788 1127 1872 pietatis
1150 1793 1183 1856 at
1203 1806 1257 1870 pa·

174 1925 335 1994 munitatis
355 1925 503 1994 tuleiatnr
523 1925 644 2000 munita
664 1928 840 2010 praesidio:
874 1934 910 1995 nt
930 1930 957 1995 si
978 1929 1053 2013 quid
1075 1929 1151 1996 mibi
1180 1929 1257 1995 divi·

174 2029 434 2141 nitns'ntilitatis
454 2070 630 2154 accesserit,
652 2077 757 2140 uestro
779 2072 868 2140 Deus
889 2073 1023 2155 imputet
1044 2071 1165 2138 merito.
1188 2069 1257 2149 Qua

176 2211 216 2279 de
235 2227 272 2278 re
293 2181 364 2278 cum
385 2211 425 2278 de
440 2183 662 2279 ecclesiasticis
685 2209 876 2278 utilitatibus
892 2213 1049 2292 ageretur,
1071 2208 1255 2276 exercitium

175 2355 316 2422 musicae
329 2357 418 2434 artis,
440 2374 574 2441 proquo
600 2357 727 2426 favente
750 2357 817 2426 Deo
833 2374 896 2424 non
910 2354 1068 2423 incassum
1083 2352 1257 2421 desudasse

175 2515 227 2564 me
247 2494 384 2577 memini,
405 2500 513 2564 vestra
529 2495 626 2581 Jussit
652 2497 823 2565 aucbritas
845 2496 993 2581 fprolerro
1021 2497 1055 2564 in
1078 2495 1252 2580 publicum:
1377 2588 1379 2602 Ι

175 2641 214 2705 ut
240 2637 323 2704 sicut
349 2637 511 2709 ecclesiam
531 2637 707 2710 beatissimi
734 2641 850 2708 Donati
878 2641 1016 2724 episcopi
1038 2645 1071 2706 et
1099 2638 1257 2722 martyris,

176 2780 227 2848 cni
248 2781 317 2850 Deo
337 2786 467 2850 auctore
484 2782 558 2866 jura
588 2783 706 2852 vicario
727 2784 927 2869 praesidetis,
957 2783 1093 2852 mirabili
1126 2780 1258 2848 nimium

148 2921 158 2972 ι’
173 2929 335 3038 ,mimam
344 2929 519 3013 peregistis,
546 2929 593 2997 iia
619 2928 758 3014 ejusdcm
788 2911 948 2998 ministros
974 2927 1125 2995 ecclesiae
1145 2926 1257 2993 hones·
1285 2986 1288 2994 .

176 3073 299 3144 tissime
317 3073 599 3158 decentissimoque
619 3073 754 3158 quodam
775 3074 940 3159 privilegio
961 3054 1081 3141 cunctis
1096 3090 1177 3156 pene
1198 3090 1255 3155 per

176 3218 285 3288 orbem
306 3217 427 3287 clericis
449 3218 636 3304 spectabiles
656 3218 843 3286 redderetis.
865 3219 908 3285 Et
928 3235 1040 3286 revera
1062 3217 1142 3284 satis
1158 3217 1254 3286 habet

175 3358 322 3427 miraculi
342 3363 376 3428 et
396 3361 540 3445 optionis,
565 3379 637 3429 cnm
663 3363 786 3430 vestrae
814 3360 965 3428 ecclesiae
986 3359 1082 3428 otiam
1115 3359 1206 3443 pueri
1227 3359 1259 3425 in

75 3482 79 3489 ¹
176 3503 356 3574 modubnoi
382 3503 489 3573 studio
519 3503 675 3588 periectos
702 3503 837 3571 aliorum
856 3503 1092 3588 [usquequaque
1119 3503 1255 3570 locorum

176 3675 245 3720 anno
262 3664 398 3734 trigesimo
414 3669 510 3735 quarto
519 3663 633 3736 mutis),
644 3665 694 3733 otiu
712 3666 771 3721 stou
788 3680 832 3722 um
849 3663 971 3731 boeticis
984 3661 1049 3718 1024
1060 3661 1114 3716 obet
1127 3655 1191 3715 1025
1204 3665 1255 3718 uub

174 3759 238 3819 prout
261 3751 305 3818 oui
321 3749 411 3821 &teli
436 3753 477 3808 bct
493 3750 600 3820 illibati
625 3760 674 3806 uon
698 3750 792 3819 utepp,
819 3765 852 3807 ou
869 3749 943 3817 boden
959 3743 1040 3812 titudo
1056 3743 1139 3800 ouius
1164 3743 1254 3804 turolte

175 3843 288 3906 aucune
304 3833 357 3904 &cit
372 3833 486 3904 liubutd
501 3835 546 3890 beu
563 3827 772 3902 Wuttuutertidt
789 3827 844 3900 uoci
861 3829 932 3897 bloiet
949 3825 1022 3896 {ciust
1044 3839 1122 3881 ceusu
1138 3824 1252 3899 bletbnta
